3000 4890
359 403 463 452 ruent
490 405 537 452 ns
563 403 672 452 vultu.
697 405 831 450 arente.
857 406 927 451 utu.
955 405 1007 450 tx.
1168 391 1235 454 313

144 545 308 608 Inuuts⁸
334 551 407 610 ovis
427 547 610 621 dicebatur,
627 567 702 630 quee
719 547 873 611 omnibus
887 545 998 610 idibus
1014 544 1095 609 Jovi
1110 552 1235 610 macta-

189 647 299 710 batur.

143 747 167 810 J
175 747 437 825 ιιοιιιιιιιυιι,“ΙΙ
458 750 691 814 victimarium.

144 846 284 912 Icrnutt
295 845 303 882 ί
316 870 402 913 nuno
418 852 550 933 quidem
566 869 628 933 pro
644 850 874 931 completionis
885 849 1124 930 significatione
1137 850 1235 926 valet,

189 969 266 1030 quoe
282 960 332 1016 est
348 970 446 1032 erg03
468 953 526 1016 scd
551 954 640 1035 apud
656 955 808 1034 antiquos
823 951 1008 1034 ponebatur
1021 970 1081 1033 pro
1096 952 1185 1025 iude,
1201 959 1236 1014 et

189 1057 318 1130 postca,
333 1061 365 1116 et
382 1063 462 1116 tum.

144 1147 262 1229 Ignem
285 1171 329 1216 ex
348 1153 449 1216 domo
466 1151 654 1217 Flaminiak
671 1151 778 1215 efferri
796 1171 862 1215 non
883 1152 1018 1228 licebat,
1033 1153 1097 1215 uisi
1113 1151 1235 1218 divinae

189 1253 234 1313 rei
251 1256 367 1333 gratia.

144 1348 265 1430 Iguiu,¹
281 1354 363 1418 vitiu
377 1373 531 1420 vasorum
548 1356 707 1418 fictilium.

145 1449 239 1529 Ignis
255 1453 371 1519 Vestae
385 1464 404 1490 ω
421 1457 582 1538 siquando
594 1457 823 1520 interstinctus
839 1463 942 1532 esset,
955 1455 1099 1536 virgines
1117 1457 1234 1520 norbe-

178 1717 191 1758 l
210 1711 241 1760 ln
254 1714 286 1761 al.
298 1714 448 1763 lucumonem
461 1718 501 1764 vel
518 1717 658 1777 jecinorum.
693 1719 806 1780 Conjicit
824 1719 890 1766 Dec.
908 1719 1054 1778 decimarum,
1078 1718 1235 1766 eictimartrm.

144 1775 197 1824 Atti
216 1775 377 1827 lucumonem
389 1781 485 1843 legunt.

176 1979 188 2011 s
205 1969 295 2033 Iustu]
312 1971 430 2036 Ovidius,
443 1987 461 2024 ι.
480 1975 548 2023 Fert·
563 1973 670 2024 ‘tdtbm
710 1975 743 2023 do
754 1974 924 2037 punitentia:
942 1972 1028 2025 ‘onio
1045 1973 1116 2020 illum
1134 1972 1234 2020 thesau-

142 2044 204 2092 alba
220 2045 280 2096 Jori
299 2047 418 2109 grandior
434 2063 500 2111 agna
514 2048 602 2098 cadit.’
617 2051 669 2098 διε.
710 2063 764 2097 tum
787 2049 853 2111 ignia
873 2048 962 2097 aeterni
983 2047 1147 2106 attinentur,
1175 2061 1234 2096 curn

141 2121 210 2170 Scai-
709 2122 844 2173 fumariola
864 2123 981 2187 quiedam
1003 2122 1060 2184 ejus
1081 2123 1147 2172 talea
1168 2123 1236 2172 ictae

175 2195 188 2228 ¹¹
203 2197 361 2264 decem]
377 2198 409 2247 ln
421 2199 455 2248 al.
467 2200 618 2248 immanem
629 2199 669 2248 rol
708 2197 867 2248 flammarum
877 2197 1022 2259 suscitent,'
1032 2202 1083 2248 &a
1109 2198 1162 2246 Pro
1173 2204 1234 2248 tere·

135 2271 277 2334 jecinoraaa.
307 2271 346 2321 An
358 2273 505 2336 legentium,
522 2275 668 2335 domnorum,
709 2277 777 2326 brom
795 2276 820 2325 iu
839 2276 990 2340 qnibnadam
1008 2276 1161 2326 editionibus
1173 2277 1235 2338 legi·

140 2347 310 2396 victimarum?
332 2349 368 2396 Ut
381 2349 472 2397 Fertne
485 2348 555 2398 dicat
566 2347 596 2395 rb
606 2348 669 2408 jeci·
708 2360 751 2402 tur
761 2351 890 2400 ominare.
913 2352 964 2401 Sed
976 2351 1093 2400 terebrare
1101 2366 1233 2414 poaurmna

139 2435 227 2470 mmm
245 2421 339 2471 alicubi
358 2423 470 2486 positum
487 2423 537 2487 legi
560 2424 668 2486 provie-
709 2430 734 2478 in
757 2443 803 2478 auo
825 2429 884 2477 loco
909 2429 1023 2491 quletum
1049 2441 1105 2476 etse
1129 2428 1233 2490 jubere.

141 2501 264 2563 timorum,
281 2515 338 2550 cnm
352 2501 428 2563 jecur
447 2501 501 2549 aire
522 2501 625 2564 jeciuor
642 2502 668 2550 in
707 2503 855 2565 Simplicius
866 2503 892 2551 in
904 2515 949 2550 ιιι.
961 2503 1086 2550 decolo:
1103 2501 1235 2562 inbellem

141 2576 255 2625 victimis
267 2577 399 2639 precipua
408 2591 467 2639 para
480 2575 522 2624 ait.
534 2577 597 2625 Dee.
708 2577 786 2640 llrfp
794 2576 949 2634 dannatum,
957 2574 1053 2637 θάτερον
1063 2577 1110 2623 τᾶν
1120 2574 1195 2637 cim
1202 2577 1234 2626 dr

174 2651 181 2683 ¹
198 2649 291 2713 Igitur]
309 2650 385 2714 Apud
398 2652 516 2715 antiquos
529 2666 600 2714 aupe
612 2665 668 2716 pro,
708 2655 818 2718 ιέριτροι
830 2649 953 2712 διθιπίρρ
961 2647 1161 2712 περιστρέφοντα.
1179 2651 1234 2700 He·

140 2726 214 2786 iude,
226 2733 396 2788 postea,tnm.
423 2727 511 2775 Plant.
523 2726 638 2791 Ampbit.
650 2741 668 2778 ι.
709 2730 830 2793 aycltlua:
846 2725 986 2789 ixdarreura
1000 2726 1112 2789 rpdrve
1129 2728 1160 2776 mi
1176 2725 1233 2790 φρύ-

138 2801 146 2828 ‘
157 2801 202 2850 Sin
214 2801 289 2850 aliter
300 2801 368 2850 aient
384 2800 499 2862 animati,
510 2814 594 2865 neque
605 2801 669 2851 dent
708 2819 751 2864 για
765 2805 854 2866 πυρεῖα.
872 2803 998 2864 Ξοφιιιλῆι
1011 2803 1037 2850 dr
1046 2805 1111 2852 arrei
1127 2803 1234 2864 tamin.

140 2890 200 2938 quas
218 2882 303 2939 petat,
318 2879 380 2926 Sese
400 2877 478 2938 igitur
488 2891 585 2926 tumme
594 2878 618 2927 ri
631 2878 667 2926 ti·
707 2882 760 2929 dot.
771 2880 837 2930 Seni.

140 2951 230 3015 risque
257 2965 343 3000 eornm
371 2953 494 3016 oppidum
522 2967 668 3016 expugnas·
741 2956 810 3016 ignia
833 2955 921 3018 Venta]
943 2953 1021 3002 Hune
1040 2955 1125 3002 Numa
1138 2953 1233 3016 prirnna

140 3025 219 3075 aere.¹
253 3028 287 3076 Et
308 3028 395 3077 Casin.
410 3041 440 3078 rt.
455 3033 479 3078 2·
496 3030 576 3077 ‘Mox
587 3031 668 3092 magia
708 3031 830 3094 institnit,
846 3037 895 3080 ‘ut
907 3030 940 3078 ad
957 3031 1119 3078 simulacrum
1136 3029 1233 3091 ignium

140 3102 288 3151 cumcurm
296 3102 392 3151 milriet
404 3103 450 3152 tibi
462 3103 522 3164 erit,
534 3103 619 3164 lgitnr
630 3111 667 3152 te·
708 3106 849 3154 colentium
861 3103 962 3153 flamma
974 3103 1111 3165 vigilaret!
1135 3104 1233 3152 Florua.

141 3191 201 3225 enm
219 3175 328 3241 loquar.’
360 3177 392 3226 In
414 3179 462 3240 leg.
481 3182 520 3227 tt.
537 3178 591 3227 tab.
609 3179 668 3228 ‘Sei
708 3179 784 3230 Quod
797 3179 818 3226 ιί
832 3178 990 3241 negligentia
1002 3179 1133 3227 extinctus
1145 3176 1233 3239 fnerlt,

140 3252 167 3300 in
183 3253 228 3314 jus
247 3255 386 3310 vocat,nei
398 3255 574 3314 inmittatur,
589 3254 669 3318 igitur
708 3256 741 3306 ab
759 3255 809 3304 allo
828 3255 881 3318 igni
900 3255 1038 3304 incendere
1057 3269 1107 3304 uon
1126 3254 1233 3318 licebat,

139 3328 175 3377 im
188 3327 294 3391 capito!
310 3331 385 3378 Idem.
708 3331 756 3379 niai
768 3343 800 3378 eo
812 3343 888 3392 qnam
901 3328 1013 3378 tabulam
1031 3328 1114 3378 felicia
1126 3329 1182 3393 (alii
1195 3327 1231 3376 fa-

173 3402 185 3435 l
204 3404 287 3464 Ignem
298 3419 329 3452 ex
338 3408 404 3454 domo
417 3404 543 3467 Flaminio]
554 3406 605 3456 llic
617 3421 668 3456 vox
707 3406 776 3471 cilia)
793 3406 908 3456 materiae
926 3405 1080 3454 latebrando
1096 3405 1168 3468 uirgo
1179 3419 1233 3452 ana·

138 3480 469 3540 dmvidetttrabundare;
482 3496 539 3530 nam
548 3483 668 3532 Flaminio
707 3490 821 3547 ceperat.
854 3481 924 3531 Male
936 3481 1038 3546 qnidam
1052 3494 1097 3543 pro
1114 3480 1232 3530 rucuma

139 3556 261 3605 absolate
280 3557 414 3607 dicebatur
430 3561 526 3609 Domus
540 3561 669 3611 Flaminia.
708 3559 795 3620 legunt
806 3557 935 3608 uerberare.
970 3555 1038 3605 Plio.
1049 3555 1094 3605 lib.
1103 3569 1161 3604 xvt.
1173 3570 1231 3617 cap.

140 3633 183 3679 Sic
203 3630 305 3680 Gellius
325 3632 370 3680 lib.
389 3646 418 3681 x.
441 3649 464 3682 n.
477 3637 518 3683 1⁵.
534 3634 668 3698 ‘Igneure
707 3639 747 3682 to.
765 3634 884 3682 ‘'l'erltur
901 3647 962 3695 ergo
983 3633 1079 3694 lignum
1099 3633 1175 3694 ligno,
1194 3632 1232 3692 ig·

140 3706 278 3767 Flaminia,
297 3708 323 3756 id
335 3713 385 3769 eat,
397 3709 517 3758 Flaminii
531 3710 613 3760 Dialis
624 3711 669 3760 do·
707 3721 816 3770 nemque
830 3707 944 3769 concipit
962 3710 1066 3767 attritu,
1083 3707 1231 3768 excipiente

140 3781 375 3840 munimentum,
391 3781 476 3832 afferri
491 3785 534 3847 jue
546 3799 596 3834 uon
609 3785 665 3836 eat.'
708 3783 814 3830 materia
830 3783 894 3829 aridi
912 3781 1018 3840 fomitis,
1037 3781 1158 3829 facillimo
1170 3792 1232 3827 coo·

138 3857 217 3905 Idm.
706 3863 792 3918 ceptu.
825 3855 877 3904 Sed
891 3855 951 3903 nibil
970 3855 1047 3902 edera
1067 3855 1232 3915 prestantius

172 3930 180 3964 ¹
196 3931 281 3994 lgna]
300 3929 377 3980 atiud
390 3931 415 3980 in
426 3931 545 3982 Gloaaia:
564 3935 666 3998 ‘lgnia,
707 3944 763 3994 qna
776 3937 882 3989 teratur,
895 3931 973 3996 lauro
982 3941 1040 3990 quae
1058 3935 1133 3976 terat.
1166 3927 1231 3976 Pro·

139 4006 353 4068 mandurium!
369 4008 421 4055 Joa.
429 4007 493 4056 Seni.
708 4007 782 4054 batur
802 4011 828 4052 ct
849 4004 907 4051 vitia
928 4003 1069 4066 sylvestria,
1084 4003 1134 4050 alia
1154 4017 1230 4064 quam

170 4083 259 4146 13ou
272 4083 336 4132 Cum
349 4083 667 4146 vehementiaigniadisai·
707 4083 834 4142 lebnitica,
851 4089 878 4130 at
895 4081 951 4143 ipsa
967 4081 1051 4128 edente
1067 4079 1144 4128 modo
1158 4079 1231 4130 arbo-

139 4161 216 4210 liunt.
232 4160 295 4208 Du.
707 4155 916 4208 remtcandent!
947 4155 1095 4218 Simplicius
1107 4156 1132 4204 iu
1144 4169 1186 4204 ιιι.
1196 4155 1230 4203 de

172 4245 189 4270 ¹
197 4235 268 4299 ignit
281 4235 372 4298 Vm]
379 4234 552 4285 Tertullianus
562 4233 589 4284 in
600 4232 666 4284 libro
707 4234 795 4284 Colo:
814 4230 871 4282 ’aab
882 4231 957 4294 ξύλον
968 4232 1012 4294 πῦρ
1026 4229 1178 4296 ἐκβάλλουσι,
1189 4231 1230 4282 θά-
