2980 4888
549 403 639 464 oon*
658 403 822 454 nxrenr.

427 657 492 730 Μ.
526 655 712 732 VERRII
754 657 941 732 FLACCl
986 663 992 678 “

294 827 360 894 DE
381 829 652 896 VERBORUM
675 830 1085 899 SIGNIFICATIONE.

591 1030 685 1095 LIB.
699 1030 729 1096 1.

591 1146 684 1213 blas
701 1147 749 1214 11.

593 1263 685 1330 LIB.
698 1265 769 1330 111.

591 1379 683 1446 LIB.
699 1379 764 1446 lv.

185 1514 366 1580 Vannius
392 1512 455 1577 lroc
479 1512 564 1577 libro
579 1512 664 1592 dies,
685 1515 840 1598 quisunt
860 1517 1023 1599 postridie
1042 1517 1229 1598 Kalendas,

143 1615 274 1692 Nonas,
290 1614 386 1691 Idus,
402 1631 487 1697 qnos
500 1612 623 1696 vulgus
644 1613 798 1697 imperite
813 1614 959 1681 nefastos
979 1616 1073 1696 dicit,
1095 1630 1230 1704 propter

141 1715 227 1778 banc
242 1732 380 1778 cansam
406 1711 512 1777 dictos
525 1713 727 1797 habitosque
751 1720 840 1780 atros
861 1735 935 1781 esse
953 1720 1077 1784 scribit.
1125 1721 1231 1797 Urbe,

142 1817 301 1899 inquito
322 1813 433 1879 Gallis
455 1813 639 1884 Senonibus
661 1821 855 1900 recuperate
870 1817 910 1881 L.
924 1816 1048 1884 Atilius
1062 1823 1096 1884 in
1112 1827 1230 1886 senatu

144 1915 250 1982 verba
276 1915 369 1991 fecit,
396 1913 440 1993 Q.
464 1915 644 1997 Sulpitiom
665 1915 723 1980 Tr.
746 1915 820 1981 Mil.
850 1916 892 1982 ad
915 1917 1039 1984 Alliam
1068 1917 1231 1986 adversm

144 2016 265 2082 Gallos
275 2021 505 2098 pugnaturum,
519 2033 587 2080 rem
601 2015 746 2082 divinem
761 2016 939 2082 dimicandi
950 2021 1054 2102 gratia
1067 2021 1229 2103 postridie

146 2113 227 2180 ldns
256 2115 404 2180 iecisse:
440 2121 509 2178 tum
530 2117 711 2181 exercitum
741 2117 859 2200 populi
888 2117 1034 2183 Romani
1056 2119 1231 2186 occidione

147 2217 309 2293 occisum,
323 2221 448 2298 etpost
463 2214 548 2280 diem
560 2218 691 2281 tertium
703 2217 852 2301 ejusdiei
867 2219 980 2283 orbern
995 2227 1118 2303 praeter
1131 2220 1233 2305 Cepis

146 2317 268 2382 tolinm
283 2324 419 2399 captam
434 2329 520 2380 esse.
563 2315 829 2400 Compluresqne
851 2318 908 2382 alii
934 2326 1101 2386 senatores
1122 2341 1232 2386 recor·

144 2419 217 2482 dari
232 2437 310 2482 sese
325 2417 492 2495 dixerunt,
506 2417 661 2502 quotiens
675 2417 752 2484 belli
766 2418 899 2501 gerendi
922 2422 1027 2501 gratia
1048 2441 1100 2486 res
1114 2422 1229 2486 divina

146 2517 308 2602 postridie
323 2517 508 2595 Kalendas,
535 2518 667 2598 Nonas,
682 2518 765 2584 Idus
781 2539 802 2584 a
818 2521 1012 2601 magistratu
1028 2519 1146 2604 populi
1162 2520 1233 2585 Ro'-

146 2619 236 2684 mani
253 2617 346 2684 saeta
359 2623 469 2685 esset:
491 2619 565 2703 ejus
579 2619 657 2684 belli
671 2621 825 2702 proximo
840 2619 999 2703 deinceps
1013 2621 1131 2704 praelio
1145 2641 1231 2686 rem-

146 2719 321 2802 publicam
345 2719 431 2783 male
453 2726 582 2802 gestam
606 2738 694 2784 esse.
734 2720 820 2784 'l'nm
843 2727 976 2786 senatus
998 2741 1073 2786 eam
1093 2741 1162 2786 rern
1188 2723 1233 2788 nd

148 2819 335 2884 Pontifices
349 2817 475 2900 rejecit,
491 2825 529 2884 nt
543 2819 621 2902 ipsi,
635 2820 726 2903 quod
741 2819 914 2897 videretur,
930 2829 1118 2888 sternerent.
1145 2824 1235 2889 Pon·

149 2921 258 2986 titices
289 2918 503 2986 decreverunt
531 2920 659 2985 nubum
686 2921 731 2984 iis
761 2921 883 2986 diebus
918 2923 1117 2990 sacrificium
1146 2932 1234 2990 recte

149 3021 324 3086 intutum.q
741 3079 745 3088 .

193 3120 385 3186 Historiam
396 3121 439 3184 ab
453 3120 631 3186 annalibus
644 3121 785 3204 quidam
796 3123 924 3188 differre
935 3143 977 3188 eo
988 3128 1116 3207 putent,
1132 3123 1235 3207 qnod,

148 3241 228 3287 cnm
240 3229 427 3305 ‘utramque
441 3222 483 3284 sit
498 3239 603 3286 rernm
626 3227 793 3302 gestarum
814 3221 969 3302 narratio,
991 3241 1106 3288 earum
1128 3230 1234 3289 tamen

151 3324 287 3408 proprie
301 3341 408 3388 rernm
424 3322 469 3386 sit
482 3321 634 3400 historia,
650 3321 773 3403 quibus
785 3323 884 3388 rebus
907 3324 1055 3406 gerendis
1077 3325 1234 3390 interlue-

152 3426 195 3489 rit
209 3425 253 3502 is,
266 3424 327 3506 qni
341 3430 465 3488 narret:
486 3441 624 3506 eamque
639 3442 715 3487 esse
731 3425 921 3506 opinionem
934 3424 1136 3508 quorundam
1151 3423 1235 3488 Ver-

151 3527 222 3590 rius
241 3524 352 3590 refert
395 3521 450 3590 Ac
479 3543 516 3588 se
544 3523 677 3606 quidem
707 3524 860 3589 dubitare
881 3544 982 3608 super
1006 3542 1049 3589 ea
1078 3544 1113 3590 re
1142 3525 1236 3591 dicit.

152 3627 262 3692 Posse
278 3632 388 3690 antem
403 3625 506 3690 videri
520 3631 619 3707 putat
636 3623 785 3690 nonnihil
801 3643 876 3689 esse
894 3625 1034 3689 rationis
1055 3625 1091 3690 in
1112 3645 1153 3690 ea
1166 3627 1239 3708 opi·

153 3729 265 3805 aione,
294 3725 535 3810 quodbistoria
558 3723 677 3791 Graece
703 3725 865 3808 significat
886 3744 993 3790 rerum
1019 3726 1238 3812 cognitionem

154 3827 377 3913 praesentium.
429 3826 497 3891 Sed
517 3845 580 3891 nos
607 3825 720 3892 audire
747 3827 836 3891 soliti
868 3845 995 3898 sumus,
1024 3826 1144 3890 annale
1170 3844 1240 3889 orn·

155 3931 235 3993 nino
251 3927 288 3992 id
304 3946 388 4005 esse,
402 3928 489 4010 quod
500 3926 646 3994 historiae
660 3928 746 4010 sint;
768 3929 927 3996 historias
941 3944 1008 3991 non
1022 3926 1151 3990 omnino
1163 3945 1240 3993 esse

156 4029 203 4109 id,
218 4027 311 4112 qnod
326 4029 467 4093 annales
481 4029 569 4094 sint.¹

253 4199 405 4254 eExGell.
417 4199 461 4252 lib.
472 4213 498 4252 r.
510 4213 569 4267 cap.
580 4205 620 4263 17.
787 4197 1148 4265 'exaestuante
