2980 4888
246 315 269 380 8
699 326 852 376 uscsnrr

246 491 357 560 peuce
377 473 494 538 elicnoe
515 471 692 556 diligentie
714 471 840 556 reliqua
863 470 1001 537 fecisset
1022 471 1052 536 si
1072 472 1328 540 emendatiorem

247 575 396 642 codicem
409 580 528 640 uectus
541 582 641 640 esset.
684 574 788 639 lluuc
808 581 940 640 secutur
958 573 1104 638 illustris
1117 582 1153 639 et
1166 574 1208 641 de
1220 575 1329 640 literis

248 678 373 760 optime
387 676 521 741 meritus
536 675 672 742 Fulvius
688 674 838 753 Ursinus,
854 674 911 758 qui
926 693 1000 740 eum
1012 673 1135 740 videret
1145 674 1329 742 Antonium

247 777 469 860 Augustiuum
495 777 732 843 Fumesinuum
753 777 918 854 codicem,
948 775 1038 842 uude
1058 775 1244 860 fragments
1265 795 1330 843 sue

249 878 477 963 descripseret,
487 878 594 944 miuus
604 879 774 962 diligenter
785 884 954 956 bectesse,
963 885 998 944 et
1011 879 1046 944 iu
1057 897 1099 944 eo
1109 878 1328 944 describendo

248 979 352 1046 multu
365 980 574 1064 prmmriisse,
581 981 722 1046 medem
735 986 768 1046 et
781 982 792 1046 i
796 999 856 1064 pse
866 980 1030 1065 inspicere
1043 981 1163 1046 voluit
1206 979 1330 1064 ltaque

247 1099 324 1149 cuur
343 1099 404 1148 ess
424 1081 580 1166 reliquias
599 1082 633 1147 ei
653 1081 814 1152 arbitratu
835 1099 899 1146 suo
920 1082 1043 1147 bebere
1062 1081 1187 1160 liceret,
1209 1099 1330 1150 omnes

247 1189 344 1249 roms
358 1191 393 1248 et
402 1182 519 1266 apices
533 1187 686 1248 accurate
701 1189 845 1261 secums,
856 1191 889 1248 et
903 1181 981 1248 eliis
995 1199 1078 1248 usus
1090 1181 1238 1260 curilis,
1251 1197 1329 1266 qum

248 1283 396 1350 divinare
417 1301 484 1348 non
505 1299 697 1368 possumus,
718 1282 811 1350 breui
840 1283 961 1349 Mure
985 1281 1106 1350 librum
1133 1283 1330 1368 publicarit,

248 1385 307 1468 qui
318 1385 454 1469 reliquls
468 1385 620 1450 omuibus
634 1385 759 1452 auctior
769 1391 802 1451 et
815 1385 1042 1467 emendatiore
1063 1391 1097 1450 ct
1109 1383 1199 1450 unde
1212 1391 1332 1469 pestes

247 1491 442 1570 propegstae
455 1505 569 1553 omncs
587 1486 763 1566 editiones,
786 1488 845 1553 ubi
867 1503 984 1582 mogus
1004 1504 1049 1552 ex
1070 1493 1166 1571 perte
1192 1488 1332 1572 supple·

248 1592 293 1652 tffl
307 1587 447 1653 latim
532 1641 538 1654 .
1467 1625 1468 1674 ᾗ

289 1687 404 1774 Atque
416 1687 491 1756 iraec
504 1687 546 1755 de
561 1689 654 1756 Festi
669 1689 825 1774 Pompeii
847 1690 949 1756 variis
970 1691 1103 1758 cssibns
1123 1687 1168 1776 ed
1181 1697 1331 1756 nostum
1467 1687 1468 1764 ἶ

248 1795 379 1855 mentem
398 1788 467 1857 dici
476 1797 629 1876 potuere.
672 1790 936 1876 Nouoqucedem
954 1791 1165 1878 subjiciendo
1179 1809 1238 1858 cur
1252 1800 1332 1876 post

248 1895 360 1956 tuum
375 1894 467 1957 uiros
481 1913 533 1958 me
544 1893 728 1977 expugnari
742 1910 866 1979 pessus
880 1914 952 1960 snm
968 1902 1011 1961 ut
1025 1895 1166 1964 eundern
1179 1894 1331 1962 laborem
1467 1889 1468 1902 *

247 1992 450 2074 aggrederer.

290 2092 379 2158 Seue
406 2093 600 2178 prinsquam
626 2113 712 2160 onus
731 2095 886 2174 subirem,
910 2093 1045 2162 Horatii
1069 2096 1211 2163 consilio
1235 2113 1330 2174 usus,
1467 2129 1468 2156 r

248 2192 329 2276 quid
342 2193 500 2273 vaierent,
515 2202 548 2260 et
565 2195 645 2279 quid
663 2194 747 2262 serre
767 2205 958 2260 mcussreut
975 2195 1110 2274 humeri,
1130 2195 1190 2260 diu
1201 2196 1331 2261 sedulo-

248 2314 314 2378 que
341 2297 492 2360 verseris
527 2295 596 2360 Sed
619 2296 721 2361 etism
750 2295 781 2361 ri
809 2315 863 2362 me
889 2298 1049 2381 imperem
1073 2299 1330 2380 cognoscebam,

247 2415 315 2460 non
329 2395 405 2462 ideo
419 2403 600 2480 praesumte
618 2395 845 2482 desperatione
859 2399 1006 2464 animum
1029 2397 1163 2464 omuino
1185 2398 1330 2482 despon-

247 2497 292 2562 di.
349 2497 438 2564 Mihi
464 2498 599 2582 quidem
630 2497 770 2572 arduum
797 2499 905 2564 visum
937 2505 992 2564 est
1020 2499 1174 2584 perticere
1199 2507 1329 2566 tentum

247 2617 344 2682 opus,
373 2599 463 2684 quod
483 2601 564 2668 tenti
580 2599 641 2665 riri
662 2619 727 2664 nou
748 2599 979 2683 perfecissent,
1001 2600 1061 2666 sed
1082 2619 1124 2666 eo
1142 2603 1219 2684 ipso
1241 2603 1345 2685 quod.

247 2700 333 2765 tenti
346 2700 409 2766 riri
430 2720 497 2766 uon
519 2701 745 2785 perfecissent,
766 2699 842 2766 iude
861 2701 941 2767 mibi
962 2700 1044 2766 illud
1065 2699 1214 2767 teutemi
1227 2701 1331 2767 conti·

247 2799 357 2866 dentis
377 2807 455 2868 nete
473 2809 536 2869 est.
580 2803 748 2870 Praeterea
767 2821 845 2868 cum
864 2802 971 2868 mults
991 2804 1024 2868 iu
1044 2803 1109 2868 boc
1130 2803 1207 2886 ipso
1229 2821 1330 2887 opere

245 2900 385 2970 uidisset
410 2902 572 2986 Scaliger,
596 2923 674 2987 qum
699 2921 740 2970 ue
769 2902 902 2988 quidem
940 2905 1148 2970 suboluerunt
1170 2902 1329 2972 'Antonio
1467 2941 1468 2946 ,

246 3001 448 3087 Augustino,
478 3005 585 3070 multe
615 3004 758 3070 Fulvius
787 3003 931 3070 Ursinus
946 3023 1037 3096 ·qure
1064 3006 1270 3089 Scaligerum
1295 3015 1330 3072 et
1467 3059 1468 3064 1

246 3104 466 3188 Augustiuum
480 3106 655 3192 latuerant,
669 3115 707 3172 et
718 3107 827 3174 adbuc
841 3107 947 3172 mults
961 3117 1264 3192 suspensamque
1275 3127 1331 3174 ue·

247 3223 313 3290 que
327 3205 449 3272 Fulvio
462 3205 596 3286 Ursino,
610 3210 905 3293 nequeSceligero,
920 3227 1026 3292 neque
1036 3206 1186 3274 Antonio
1200 3208 1331 3292 Augus·

246 3308 316 3374 tino
329 3308 364 3372 in
378 3312 518 3373 mentem
531 3309 712 3388 venissent,
734 3309 813 3374 mihi
835 3307 988 3374 contiuuo
1009 3307 1053 3373 ed
1066 3307 1329 3376 exhortetioueur

247 3409 420 3490 succurrit,
442 3413 533 3474 ‘uon
546 3429 665 3495 cepere
677 3410 713 3475 id
727 3429 834 3476 rerum
855 3417 1013 3491 ustorum,
1034 3417 1072 3476 ut
1088 3409 1248 3495 quicquid
1262 3427 1329 3476 uon

247 3516 299 3573 est
313 3509 437 3576 suctum
451 3529 490 3575 ne
503 3510 573 3577 fleri
587 3512 721 3596 quidem
732 3511 863 3595 possit?
904 3511 1094 3578 Arbitrstus
1119 3529 1191 3576 sum
1214 3511 1329 3596 itaque

245 3629 305 3696 per
318 3612 441 3676 multos
454 3613 591 3678 labores
603 3609 790 3699 multusque
800 3615 932 3698 vigilios
946 3611 1017 3679 fleri
1029 3631 1139 3697 posse,
1150 3620 1186 3678 ut
1198 3612 1330 3695 lastigie

123 3783 126 3788 ,
246 3713 401 3796 quaedem
417 3709 571 3780 eddonem
582 3712 851 3781 doctissimorum
863 3717 1008 3781 virorum
1023 3715 1177 3780 inventis.
1222 3713 1331 3798 quue

245 3813 325 3878 mihi
346 3814 480 3881 iecilins
501 3815 654 3898 percussi
676 3833 753 3884 curn
774 3819 908 3901 reipsa
928 3823 1088 3900 expertus
1109 3833 1181 3880 sum
1204 3833 1259 3880 me
1286 3833 1328 3882 ex

245 3915 439 3998 conjecture
453 3918 554 3982 multu
575 3918 767 3998 restituisse,
789 3938 867 4003 qum
888 3919 967 3983 milri
980 3917 1100 3984 deiude
1114 3915 1256 3982 Scbedre
1271 3933 1329 4000 sp-

246 4017 476 4098 probaverout.
519 4017 638 4104 Neque
654 4040 716 4104 ego
729 4021 792 4087 boc
807 4021 883 4086 dico
897 4021 962 4085 mci
979 4017 1129 4103 jactandi
1142 4035 1257 4096 cause,
1271 4019 1328 4103 qui

246 4135 319 4181 sum
328 4118 371 4183 sb
382 4119 471 4183 omni
477 4119 659 4204 jactatione
667 4121 942 4202 alienissimuset
951 4119 1180 4205 ingeniolimei
1188 4119 1327 4188 tenuite-
