<?xml version="1.0" encoding="UTF-8"?>
<!DOCTYPE html PUBLIC "-//W3C//DTD XHTML 1.0 Transitional//EN"
    "http://www.w3.org/TR/xhtml1/DTD/xhtml1-transitional.dtd">
<html xmlns="http://www.w3.org/1999/xhtml" xml:lang="en" lang="en">
 <head>
  <title>
</title>
<meta http-equiv="Content-Type" content="text/html;charset=utf-8" />
  <meta name='ocr-system' content='tesseract 3.04.00' />
  <meta name='ocr-capabilities' content='ocr_page ocr_carea ocr_par ocr_line ocrx_word'/>
</head>
<body>
  <div class='ocr_page' id='page_1' title='image "./mverriiflacciqu01flacgoog/mverriiflacciqu01flacgoog_0015.png"; bbox 0 0 2980 4888; ppageno 0'>
   <div class='ocr_carea' id='block_1_1' title="bbox 271 709 1196 910">
    <p class='ocr_par' dir='ltr' id='par_1_1' title="bbox 271 709 1196 910">
     <span class='ocr_line' id='line_1_1' title="bbox 271 709 1196 910; baseline -0.013 -46"><span class='ocrx_word' id='word_1_1' title='bbox 271 898 276 910; x_wconf 22' lang='grc' dir='ltr'>Ι</span> <span class='ocrx_word' id='word_1_2' title='bbox 412 769 768 862; x_wconf 72' lang='lat' dir='ltr'><strong>aunuum</strong></span> <span class='ocrx_word' id='word_1_3' title='bbox 842 709 1196 860; x_wconf 76' lang='lat' dir='ltr'><strong>nncuuu</strong></span> 
     </span>
    </p>
   </div>
   <div class='ocr_carea' id='block_1_2' title="bbox 552 1065 1064 1184">
    <p class='ocr_par' dir='ltr' id='par_1_2' title="bbox 552 1065 1064 1184">
     <span class='ocr_line' id='line_1_2' title="bbox 552 1065 1064 1184; baseline -0.01 0"><span class='ocrx_word' id='word_1_4' title='bbox 552 1065 1064 1184; x_wconf 84' lang='lat' dir='ltr'><strong>PRAEFATIO.</strong></span> 
     </span>
    </p>
   </div>
   <div class='ocr_carea' id='block_1_3' title="bbox 616 1395 999 1406">
    <p class='ocr_par' dir='ltr' id='par_1_3' title="bbox 616 1395 999 1406">
     <span class='ocr_line' id='line_1_3' title="bbox 616 1395 999 1406; baseline -0.005 0"><span class='ocrx_word' id='word_1_5' title='bbox 616 1395 999 1406; x_wconf 76' lang='lat'><strong>...-....-..-—.—---</strong></span> 
     </span>
    </p>
   </div>
   <div class='ocr_carea' id='block_1_4' title="bbox 266 1595 1353 2506">
    <p class='ocr_par' dir='ltr' id='par_1_4' title="bbox 266 1595 1353 2506">
     <span class='ocr_line' id='line_1_4' title="bbox 266 1595 1348 1700; baseline -0.012 -13"><span class='ocrx_word' id='word_1_6' title='bbox 266 1595 309 1682; x_wconf 89' lang='lat' dir='ltr'>P</span> <span class='ocrx_word' id='word_1_7' title='bbox 311 1637 486 1700; x_wconf 80' lang='lat' dir='ltr'><strong>csruusu</strong></span> <span class='ocrx_word' id='word_1_8' title='bbox 499 1622 762 1698; x_wconf 84' lang='lat' dir='ltr'><strong>illustrissimus,</strong></span> <span class='ocrx_word' id='word_1_9' title='bbox 772 1625 807 1685; x_wconf 87' lang='lat' dir='ltr'><strong>ot</strong></span> <span class='ocrx_word' id='word_1_10' title='bbox 816 1620 961 1686; x_wconf 90' lang='lat' dir='ltr'><strong>omnium</strong></span> <span class='ocrx_word' id='word_1_11' title='bbox 971 1618 1129 1686; x_wconf 83' lang='lat' dir='ltr'><strong>virtutum</strong></span> <span class='ocrx_word' id='word_1_12' title='bbox 1140 1611 1348 1680; x_wconf 86' lang='lat' dir='ltr'><strong>emendatum</strong></span> 
     </span>
     <span class='ocr_line' id='line_1_5' title="bbox 266 1712 1349 1808; baseline -0.01 -22"><span class='ocrx_word' id='word_1_13' title='bbox 266 1724 452 1808; x_wconf 78' lang='lat' dir='ltr'><strong>exemplar,</strong></span> <span class='ocrx_word' id='word_1_14' title='bbox 465 1723 603 1790; x_wconf 79' lang='lat' dir='ltr'><strong>carolus</strong></span> <span class='ocrx_word' id='word_1_15' title='bbox 611 1721 934 1798; x_wconf 75' lang='lat' dir='ltr'><strong>Sancto-Maurum,</strong></span> <span class='ocrx_word' id='word_1_16' title='bbox 944 1717 1176 1794; x_wconf 83' lang='lat' dir='ltr'><strong>Montauuerii,</strong></span> <span class='ocrx_word' id='word_1_17' title='bbox 1187 1715 1270 1781; x_wconf 85' lang='lat' dir='ltr'><strong>Dux</strong></span> <span class='ocrx_word' id='word_1_18' title='bbox 1284 1712 1349 1776; x_wconf 80' lang='lat' dir='ltr'><strong>Su-</strong></span> 
     </span>
     <span class='ocr_line' id='line_1_6' title="bbox 270 1817 1350 1891; baseline -0.008 -7"><span class='ocrx_word' id='word_1_19' title='bbox 270 1837 463 1891; x_wconf 82' lang='lat' dir='ltr'><strong>nsurssrur</strong></span> <span class='ocrx_word' id='word_1_20' title='bbox 490 1825 681 1890; x_wconf 75' lang='lat' dir='ltr'><strong>brunnon</strong></span> <span class='ocrx_word' id='word_1_21' title='bbox 705 1822 942 1888; x_wconf 64' lang='lat' dir='ltr'><strong>mdoscontioe</strong></span> <span class='ocrx_word' id='word_1_22' title='bbox 957 1819 1147 1885; x_wconf 75' lang='lat' dir='ltr'><strong>moderator</strong></span> <span class='ocrx_word' id='word_1_23' title='bbox 1161 1817 1272 1881; x_wconf 83' lang='lat' dir='ltr'><strong>sactus</strong></span> <span class='ocrx_word' id='word_1_24' title='bbox 1285 1817 1350 1888; x_wconf 87' lang='lat' dir='ltr'><strong>ost,</strong></span> 
     </span>
     <span class='ocr_line' id='line_1_7' title="bbox 269 1917 1351 2008; baseline -0.006 -21"><span class='ocrx_word' id='word_1_25' title='bbox 269 1921 493 2008; x_wconf 86' lang='lat' dir='ltr'><strong>Divinumquo</strong></span> <span class='ocrx_word' id='word_1_26' title='bbox 505 1926 600 1992; x_wconf 82' lang='lat' dir='ltr'><strong>ilium</strong></span> <span class='ocrx_word' id='word_1_27' title='bbox 619 1931 655 1989; x_wconf 89' lang='lat' dir='ltr'><strong>et</strong></span> <span class='ocrx_word' id='word_1_28' title='bbox 673 1925 764 1990; x_wconf 82' lang='lat' dir='ltr'><strong>omui</strong></span> <span class='ocrx_word' id='word_1_29' title='bbox 784 1941 848 1988; x_wconf 82' lang='lat' dir='ltr'><strong>sna</strong></span> <span class='ocrx_word' id='word_1_30' title='bbox 862 1941 942 1988; x_wconf 80' lang='lat' dir='ltr'><strong>cura</strong></span> <span class='ocrx_word' id='word_1_31' title='bbox 955 1920 1092 2004; x_wconf 77' lang='lat' dir='ltr'><strong>dignum</strong></span> <span class='ocrx_word' id='word_1_32' title='bbox 1106 1917 1266 1983; x_wconf 77' lang='lat' dir='ltr'><strong>infantam</strong></span> <span class='ocrx_word' id='word_1_33' title='bbox 1280 1931 1351 1996; x_wconf 72' lang='lat' dir='ltr'><strong>prc-</strong></span> 
     </span>
     <span class='ocr_line' id='line_1_8' title="bbox 268 2015 1352 2108; baseline -0.009 -22"><span class='ocrx_word' id='word_1_34' title='bbox 268 2024 337 2087; x_wconf 92' lang='lat' dir='ltr'><strong>mio</strong></span> <span class='ocrx_word' id='word_1_35' title='bbox 360 2044 422 2090; x_wconf 89' lang='lat' dir='ltr'><strong>suo</strong></span> <span class='ocrx_word' id='word_1_36' title='bbox 445 2027 637 2108; x_wconf 88' lang='lat' dir='ltr'><strong>impositum</strong></span> <span class='ocrx_word' id='word_1_37' title='bbox 662 2024 819 2108; x_wconf 84' lang='lat' dir='ltr'><strong>suscepit,</strong></span> <span class='ocrx_word' id='word_1_38' title='bbox 840 2043 882 2090; x_wconf 89' lang='lat' dir='ltr'><strong>eo</strong></span> <span class='ocrx_word' id='word_1_39' title='bbox 905 2023 1016 2088; x_wconf 87' lang='lat' dir='ltr'><strong>studia</strong></span> <span class='ocrx_word' id='word_1_40' title='bbox 1037 2015 1302 2086; x_wconf 81' lang='lat' dir='ltr'><strong>omniacontulit</strong></span> <span class='ocrx_word' id='word_1_41' title='bbox 1313 2017 1352 2077; x_wconf 88' lang='lat' dir='ltr'><strong>ut</strong></span> 
     </span>
     <span class='ocr_line' id='line_1_9' title="bbox 268 2119 1351 2204; baseline -0.007 -18"><span class='ocrx_word' id='word_1_42' title='bbox 268 2119 312 2186; x_wconf 86' lang='lat' dir='ltr'><strong>iis</strong></span> <span class='ocrx_word' id='word_1_43' title='bbox 327 2124 502 2190; x_wconf 87' lang='lat' dir='ltr'><strong>virtutibus</strong></span> <span class='ocrx_word' id='word_1_44' title='bbox 517 2126 684 2190; x_wconf 86' lang='lat' dir='ltr'><strong>alumnum</strong></span> <span class='ocrx_word' id='word_1_45' title='bbox 699 2143 795 2189; x_wconf 90' lang='lat' dir='ltr'><strong>suum</strong></span> <span class='ocrx_word' id='word_1_46' title='bbox 809 2125 982 2198; x_wconf 84' lang='lat' dir='ltr'><strong>imbueret,</strong></span> <span class='ocrx_word' id='word_1_47' title='bbox 993 2140 1070 2204; x_wconf 78' lang='lat' dir='ltr'><strong>qum</strong></span> <span class='ocrx_word' id='word_1_48' title='bbox 1081 2121 1254 2185; x_wconf 84' lang='lat' dir='ltr'><strong>robustum</strong></span> <span class='ocrx_word' id='word_1_49' title='bbox 1266 2133 1351 2199; x_wconf 90' lang='lat' dir='ltr'><strong>qno-</strong></span> 
     </span>
     <span class='ocr_line' id='line_1_10' title="bbox 270 2215 1352 2309; baseline -0.007 -22"><span class='ocrx_word' id='word_1_50' title='bbox 270 2240 345 2303; x_wconf 87' lang='lat' dir='ltr'><strong>que,</strong></span> <span class='ocrx_word' id='word_1_51' title='bbox 367 2223 486 2307; x_wconf 85' lang='lat' dir='ltr'><strong>etjam</strong></span> <span class='ocrx_word' id='word_1_52' title='bbox 501 2243 655 2306; x_wconf 74' lang='lat' dir='ltr'><strong>magnum</strong></span> <span class='ocrx_word' id='word_1_53' title='bbox 670 2225 865 2309; x_wconf 90' lang='lat' dir='ltr'><strong>prinoipem,</strong></span> <span class='ocrx_word' id='word_1_54' title='bbox 881 2224 958 2287; x_wconf 90' lang='lat' dir='ltr'><strong>oiim</strong></span> <span class='ocrx_word' id='word_1_55' title='bbox 972 2222 1084 2297; x_wconf 89' lang='lat' dir='ltr'><strong>otiam,</strong></span> <span class='ocrx_word' id='word_1_56' title='bbox 1099 2219 1159 2284; x_wconf 88' lang='lat' dir='ltr'><strong>sed</strong></span> <span class='ocrx_word' id='word_1_57' title='bbox 1174 2223 1253 2300; x_wconf 91' lang='lat' dir='ltr'><strong>post</strong></span> <span class='ocrx_word' id='word_1_58' title='bbox 1267 2215 1352 2280; x_wconf 84' lang='lat' dir='ltr'><strong>mui-</strong></span> 
     </span>
     <span class='ocr_line' id='line_1_11' title="bbox 270 2314 1353 2406; baseline -0.006 -20"><span class='ocrx_word' id='word_1_59' title='bbox 270 2325 324 2386; x_wconf 82' lang='lat' dir='ltr'><strong>tos</strong></span> <span class='ocrx_word' id='word_1_60' title='bbox 340 2340 455 2400; x_wconf 88' lang='lat' dir='ltr'><strong>annos,</strong></span> <span class='ocrx_word' id='word_1_61' title='bbox 476 2324 507 2386; x_wconf 91' lang='lat' dir='ltr'><strong>si</strong></span> <span class='ocrx_word' id='word_1_62' title='bbox 527 2322 602 2386; x_wconf 88' lang='lat' dir='ltr'><strong>Deo</strong></span> <span class='ocrx_word' id='word_1_63' title='bbox 616 2323 736 2406; x_wconf 86' lang='lat' dir='ltr'><strong>placet,</strong></span> <span class='ocrx_word' id='word_1_64' title='bbox 755 2323 937 2388; x_wconf 85' lang='lat' dir='ltr'><strong>maximum</strong></span> <span class='ocrx_word' id='word_1_65' title='bbox 951 2321 1089 2403; x_wconf 76' lang='lat' dir='ltr'><strong>Regem,</strong></span> <span class='ocrx_word' id='word_1_66' title='bbox 1103 2321 1146 2384; x_wconf 87' lang='lat' dir='ltr'><strong>ab</strong></span> <span class='ocrx_word' id='word_1_67' title='bbox 1160 2318 1218 2382; x_wconf 88' lang='lat' dir='ltr'><strong>ilia</strong></span> <span class='ocrx_word' id='word_1_68' title='bbox 1232 2314 1353 2399; x_wconf 89' lang='lat' dir='ltr'><strong>puerili</strong></span> 
     </span>
     <span class='ocr_line' id='line_1_12' title="bbox 269 2415 1353 2506; baseline -0.006 -22"><span class='ocrx_word' id='word_1_69' title='bbox 269 2419 472 2488; x_wconf 88' lang='lat' dir='ltr'><strong>institutione</strong></span> <span class='ocrx_word' id='word_1_70' title='bbox 485 2430 770 2506; x_wconf 84' lang='lat' dir='ltr'><strong>prosequerentur·</strong></span> <span class='ocrx_word' id='word_1_71' title='bbox 814 2423 900 2487; x_wconf 90' lang='lat' dir='ltr'><strong>Eum</strong></span> <span class='ocrx_word' id='word_1_72' title='bbox 914 2421 1010 2504; x_wconf 79' lang='lat' dir='ltr'><strong>igitur</strong></span> <span class='ocrx_word' id='word_1_73' title='bbox 1030 2419 1181 2485; x_wconf 89' lang='lat' dir='ltr'><strong>omnibus</strong></span> <span class='ocrx_word' id='word_1_74' title='bbox 1203 2415 1353 2498; x_wconf 90' lang='lat' dir='ltr'><strong>discipli·</strong></span> 
     </span>
    </p>
   </div>
   <div class='ocr_carea' id='block_1_5' title="bbox 253 2617 1355 4197">
    <p class='ocr_par' dir='ltr' id='par_1_5' title="bbox 253 2617 1355 4197">
     <span class='ocr_line' id='line_1_13' title="bbox 270 2617 1353 2708; baseline -0.005 -23"><span class='ocrx_word' id='word_1_75' title='bbox 270 2622 330 2685; x_wconf 73' lang='lat' dir='ltr'><strong>rit„</strong></span> <span class='ocrx_word' id='word_1_76' title='bbox 372 2621 489 2706; x_wconf 86' lang='lat' dir='ltr'><strong>anue</strong></span> <span class='ocrx_word' id='word_1_77' title='bbox 502 2624 627 2689; x_wconf 88' lang='lat' dir='ltr'><strong>semina</strong></span> <span class='ocrx_word' id='word_1_78' title='bbox 642 2630 680 2689; x_wconf 89' lang='lat' dir='ltr'><strong>nt</strong></span> <span class='ocrx_word' id='word_1_79' title='bbox 693 2623 924 2708; x_wconf 80' lang='lat' dir='ltr'><strong>profundiores</strong></span> <span class='ocrx_word' id='word_1_80' title='bbox 938 2621 1065 2686; x_wconf 80' lang='lat' dir='ltr'>radices</span> <span class='ocrx_word' id='word_1_81' title='bbox 1079 2625 1226 2701; x_wconf 77' lang='lat' dir='ltr'>agerent,</span> <span class='ocrx_word' id='word_1_82' title='bbox 1241 2617 1353 2681; x_wconf 87' lang='lat' dir='ltr'><strong>invio-</strong></span> 
     </span>
     <span class='ocr_line' id='line_1_14' title="bbox 269 2714 1352 2806; baseline -0.005 -22"><span class='ocrx_word' id='word_1_83' title='bbox 269 2719 401 2784; x_wconf 91' lang='lat' dir='ltr'><strong>tissimo</strong></span> <span class='ocrx_word' id='word_1_84' title='bbox 415 2725 450 2784; x_wconf 87' lang='lat' dir='ltr'><strong>ot</strong></span> <span class='ocrx_word' id='word_1_85' title='bbox 471 2721 725 2806; x_wconf 75' lang='lat' dir='ltr'><strong>sapientissimo</strong></span> <span class='ocrx_word' id='word_1_86' title='bbox 749 2721 839 2806; x_wconf 81' lang='lat' dir='ltr'><strong>Regi</strong></span> <span class='ocrx_word' id='word_1_87' title='bbox 861 2727 977 2786; x_wconf 78' lang='lat' dir='ltr'><strong>auctor</strong></span> <span class='ocrx_word' id='word_1_88' title='bbox 992 2721 1054 2784; x_wconf 84' lang='lat' dir='ltr'><strong>tuit</strong></span> <span class='ocrx_word' id='word_1_89' title='bbox 1067 2725 1106 2784; x_wconf 87' lang='lat' dir='ltr'><strong>ut</strong></span> <span class='ocrx_word' id='word_1_90' title='bbox 1120 2718 1199 2783; x_wconf 85' lang='lat' dir='ltr'><strong>viris</strong></span> <span class='ocrx_word' id='word_1_91' title='bbox 1212 2714 1352 2781; x_wconf 85' lang='lat' dir='ltr'><strong>eruditis</strong></span> 
     </span>
     <span class='ocr_line' id='line_1_15' title="bbox 271 2819 1354 2902; baseline -0.003 -19"><span class='ocrx_word' id='word_1_92' title='bbox 271 2838 385 2886; x_wconf 88' lang='lat' dir='ltr'><strong>omnes</strong></span> <span class='ocrx_word' id='word_1_93' title='bbox 399 2822 537 2888; x_wconf 86' lang='lat' dir='ltr'><strong>Latinos</strong></span> <span class='ocrx_word' id='word_1_94' title='bbox 548 2832 712 2902; x_wconf 86' lang='lat' dir='ltr'><strong>auctores,</strong></span> <span class='ocrx_word' id='word_1_95' title='bbox 721 2826 755 2889; x_wconf 90' lang='lat' dir='ltr'><strong>in</strong></span> <span class='ocrx_word' id='word_1_96' title='bbox 769 2843 869 2889; x_wconf 89' lang='lat' dir='ltr'><strong>nsum</strong></span> <span class='ocrx_word' id='word_1_97' title='bbox 881 2824 1128 2887; x_wconf 81' lang='lat' dir='ltr'><strong>Sunnurssrur</strong></span> <span class='ocrx_word' id='word_1_98' title='bbox 1146 2819 1354 2897; x_wconf 82' lang='lat' dir='ltr'><strong>Dunrruur,</strong></span> 
     </span>
     <span class='ocr_line' id='line_1_16' title="bbox 271 2914 1167 3005; baseline 0.001 -22"><span class='ocrx_word' id='word_1_99' title='bbox 271 2921 361 2984; x_wconf 92' lang='lat' dir='ltr'><strong>notis</strong></span> <span class='ocrx_word' id='word_1_100' title='bbox 375 2929 409 2984; x_wconf 89' lang='lat' dir='ltr'><strong>et</strong></span> <span class='ocrx_word' id='word_1_101' title='bbox 424 2914 747 3005; x_wconf 81' lang='lat' dir='ltr'><strong>interpretationibus</strong></span> <span class='ocrx_word' id='word_1_102' title='bbox 761 2920 974 2988; x_wconf 88' lang='lat' dir='ltr'><strong>illustrandos</strong></span> <span class='ocrx_word' id='word_1_103' title='bbox 987 2921 1167 2986; x_wconf 67' lang='lat' dir='ltr'><strong>mandaret</strong></span> 
     </span>
     <span class='ocr_line' id='line_1_17' title="bbox 315 3017 1355 3103; baseline -0.005 -19"><span class='ocrx_word' id='word_1_104' title='bbox 315 3019 410 3086; x_wconf 90' lang='lat' dir='ltr'><strong>Nihil</strong></span> <span class='ocrx_word' id='word_1_105' title='bbox 428 3021 572 3103; x_wconf 86' lang='lat' dir='ltr'><strong>quidem,</strong></span> <span class='ocrx_word' id='word_1_106' title='bbox 592 3020 850 3086; x_wconf 79' lang='lat' dir='ltr'><strong>Sunnurssruo</strong></span> <span class='ocrx_word' id='word_1_107' title='bbox 873 3020 1088 3097; x_wconf 66' lang='lat' dir='ltr'><strong>nummio,</strong></span> <span class='ocrx_word' id='word_1_108' title='bbox 1109 3018 1223 3084; x_wconf 80' lang='lat' dir='ltr'><strong>deerat</strong></span> <span class='ocrx_word' id='word_1_109' title='bbox 1237 3017 1281 3081; x_wconf 90' lang='lat' dir='ltr'><strong>ad</strong></span> <span class='ocrx_word' id='word_1_110' title='bbox 1297 3035 1355 3080; x_wconf 82' lang='lat' dir='ltr'><strong>ve·</strong></span> 
     </span>
     <span class='ocr_line' id='line_1_18' title="bbox 271 3117 1353 3204; baseline -0.004 -20"><span class='ocrx_word' id='word_1_111' title='bbox 271 3137 343 3184; x_wconf 91' lang='lat' dir='ltr'><strong>ram</strong></span> <span class='ocrx_word' id='word_1_112' title='bbox 359 3127 393 3185; x_wconf 88' lang='lat' dir='ltr'><strong>et</strong></span> <span class='ocrx_word' id='word_1_113' title='bbox 412 3121 552 3186; x_wconf 86' lang='lat' dir='ltr'><strong>solidam</strong></span> <span class='ocrx_word' id='word_1_114' title='bbox 567 3121 749 3186; x_wconf 82' lang='lat' dir='ltr'><strong>doctrinam</strong></span> <span class='ocrx_word' id='word_1_115' title='bbox 764 3117 1025 3204; x_wconf 77' lang='lat' dir='ltr'><strong>adipiscendam.</strong></span> <span class='ocrx_word' id='word_1_116' title='bbox 1069 3117 1353 3184; x_wconf 71' lang='lat' dir='ltr'><strong>Praestantissimo</strong></span> 
     </span>
     <span class='ocr_line' id='line_1_19' title="bbox 272 3215 1354 3302; baseline 0 -22"><span class='ocrx_word' id='word_1_117' title='bbox 272 3217 483 3302; x_wconf 85' lang='lat' dir='ltr'><strong>Prreceptoro</strong></span> <span class='ocrx_word' id='word_1_118' title='bbox 503 3223 661 3286; x_wconf 89' lang='lat' dir='ltr'><strong>utebatur</strong></span> <span class='ocrx_word' id='word_1_119' title='bbox 682 3221 910 3286; x_wconf 86' lang='lat' dir='ltr'><strong>illustrissimo</strong></span> <span class='ocrx_word' id='word_1_120' title='bbox 928 3237 969 3283; x_wconf 87' lang='lat' dir='ltr'><strong>ac</strong></span> <span class='ocrx_word' id='word_1_121' title='bbox 984 3216 1279 3283; x_wconf 84' lang='lat' dir='ltr'><strong>Reverendissimo</strong></span> <span class='ocrx_word' id='word_1_122' title='bbox 1291 3215 1354 3280; x_wconf 81' lang='lat' dir='ltr'><strong>&#39;Ja-</strong></span> 
     </span>
     <span class='ocr_line' id='line_1_20' title="bbox 273 3316 1352 3402; baseline -0.001 -22"><span class='ocrx_word' id='word_1_123' title='bbox 273 3318 362 3382; x_wconf 90' lang='lat' dir='ltr'><strong>cobo</strong></span> <span class='ocrx_word' id='word_1_124' title='bbox 377 3317 524 3402; x_wconf 80' lang='lat' dir='ltr'><strong>Benigno</strong></span> <span class='ocrx_word' id='word_1_125' title='bbox 538 3321 726 3396; x_wconf 88' lang='lat' dir='ltr'><strong>Bossnetio,</strong></span> <span class='ocrx_word' id='word_1_126' title='bbox 742 3321 914 3402; x_wconf 83' lang='lat' dir='ltr'><strong>Episcopo</strong></span> <span class='ocrx_word' id='word_1_127' title='bbox 929 3317 1164 3393; x_wconf 75' lang='lat' dir='ltr'><strong>condomensi,</strong></span> <span class='ocrx_word' id='word_1_128' title='bbox 1184 3317 1238 3380; x_wconf 93' lang='lat' dir='ltr'><strong>cui</strong></span> <span class='ocrx_word' id='word_1_129' title='bbox 1251 3316 1352 3380; x_wconf 85' lang='lat' dir='ltr'><strong>etiam</strong></span> 
     </span>
     <span class='ocr_line' id='line_1_21' title="bbox 272 3415 1354 3502; baseline 0 -22"><span class='ocrx_word' id='word_1_130' title='bbox 272 3418 307 3481; x_wconf 88' lang='lat' dir='ltr'><strong>iu</strong></span> <span class='ocrx_word' id='word_1_131' title='bbox 323 3425 453 3502; x_wconf 90' lang='lat' dir='ltr'><strong>partem</strong></span> <span class='ocrx_word' id='word_1_132' title='bbox 467 3439 619 3484; x_wconf 90' lang='lat' dir='ltr'><strong>curarum</strong></span> <span class='ocrx_word' id='word_1_133' title='bbox 634 3421 759 3486; x_wconf 84' lang='lat' dir='ltr'><strong>ascitus</strong></span> <span class='ocrx_word' id='word_1_134' title='bbox 776 3419 918 3486; x_wconf 86' lang='lat' dir='ltr'><strong>illustris</strong></span> <span class='ocrx_word' id='word_1_135' title='bbox 933 3425 966 3483; x_wconf 85' lang='lat' dir='ltr'><strong>et</strong></span> <span class='ocrx_word' id='word_1_136' title='bbox 985 3417 1165 3483; x_wconf 86' lang='lat' dir='ltr'><strong>admodum</strong></span> <span class='ocrx_word' id='word_1_137' title='bbox 1189 3415 1354 3480; x_wconf 85' lang='lat' dir='ltr'><strong>Reveren-</strong></span> 
     </span>
     <span class='ocr_line' id='line_1_22' title="bbox 273 3516 1353 3594; baseline 0 -15"><span class='ocrx_word' id='word_1_138' title='bbox 273 3516 336 3581; x_wconf 88' lang='lat' dir='ltr'><strong>dus</strong></span> <span class='ocrx_word' id='word_1_139' title='bbox 358 3517 399 3582; x_wconf 91' lang='lat' dir='ltr'><strong>P.</strong></span> <span class='ocrx_word' id='word_1_140' title='bbox 418 3519 539 3583; x_wconf 86' lang='lat' dir='ltr'><strong>Daniel</strong></span> <span class='ocrx_word' id='word_1_141' title='bbox 563 3519 710 3584; x_wconf 88' lang='lat' dir='ltr'><strong>Huetius</strong></span> <span class='ocrx_word' id='word_1_142' title='bbox 725 3519 842 3585; x_wconf 87' lang='lat' dir='ltr'><strong>Abbas</strong></span> <span class='ocrx_word' id='word_1_143' title='bbox 858 3519 1058 3594; x_wconf 83' lang='lat' dir='ltr'><strong>Alnetanus,</strong></span> <span class='ocrx_word' id='word_1_144' title='bbox 1071 3518 1215 3580; x_wconf 91' lang='lat' dir='ltr'><strong>omnium</strong></span> <span class='ocrx_word' id='word_1_145' title='bbox 1231 3516 1353 3580; x_wconf 82' lang='lat' dir='ltr'><strong>artium</strong></span> 
     </span>
     <span class='ocr_line' id='line_1_23' title="bbox 271 3613 1354 3685; baseline -0.002 -5"><span class='ocrx_word' id='word_1_146' title='bbox 271 3614 314 3680; x_wconf 84' lang='lat' dir='ltr'><strong>ad</strong></span> <span class='ocrx_word' id='word_1_147' title='bbox 330 3618 523 3682; x_wconf 86' lang='lat' dir='ltr'><strong>miraculum</strong></span> <span class='ocrx_word' id='word_1_148' title='bbox 536 3619 689 3684; x_wconf 85' lang='lat' dir='ltr'><strong>eruditus.</strong></span> <span class='ocrx_word' id='word_1_149' title='bbox 725 3620 791 3685; x_wconf 85' lang='lat' dir='ltr'><strong>Sed</strong></span> <span class='ocrx_word' id='word_1_150' title='bbox 803 3620 976 3683; x_wconf 83' lang='lat' dir='ltr'><strong>verebatur</strong></span> <span class='ocrx_word' id='word_1_151' title='bbox 991 3615 1240 3681; x_wconf 87' lang='lat' dir='ltr'><strong>illustrissimus</strong></span> <span class='ocrx_word' id='word_1_152' title='bbox 1254 3613 1354 3678; x_wconf 87' lang='lat' dir='ltr'><strong>Mon·</strong></span> 
     </span>
     <span class='ocr_line' id='line_1_24' title="bbox 272 3716 1353 3801; baseline -0.002 -21"><span class='ocrx_word' id='word_1_153' title='bbox 272 3716 410 3781; x_wconf 71' lang='lat' dir='ltr'><strong>taumrii</strong></span> <span class='ocrx_word' id='word_1_154' title='bbox 433 3716 526 3795; x_wconf 86' lang='lat' dir='ltr'><strong>Dux,</strong></span> <span class='ocrx_word' id='word_1_155' title='bbox 550 3738 591 3782; x_wconf 88' lang='lat' dir='ltr'><strong>ne</strong></span> <span class='ocrx_word' id='word_1_156' title='bbox 614 3738 688 3783; x_wconf 93' lang='lat' dir='ltr'><strong>cum</strong></span> <span class='ocrx_word' id='word_1_157' title='bbox 711 3720 791 3784; x_wconf 90' lang='lat' dir='ltr'><strong>olim</strong></span> <span class='ocrx_word' id='word_1_158' title='bbox 812 3717 1077 3801; x_wconf 82' lang='lat' dir='ltr'><strong>praeceptoribus</strong></span> <span class='ocrx_word' id='word_1_159' title='bbox 1100 3721 1251 3780; x_wconf 83' lang='lat' dir='ltr'><strong>exemtus</strong></span> <span class='ocrx_word' id='word_1_160' title='bbox 1264 3721 1353 3778; x_wconf 85' lang='lat' dir='ltr'><strong>essct</strong></span> 
     </span>
     <span class='ocr_line' id='line_1_25' title="bbox 273 3813 1355 3898; baseline 0.004 -22"><span class='ocrx_word' id='word_1_161' title='bbox 273 3813 552 3880; x_wconf 80' lang='lat' dir='ltr'><strong>Ssanurssruur</strong></span> <span class='ocrx_word' id='word_1_162' title='bbox 564 3817 985 3898; x_wconf 82' lang='lat' dir='ltr'><strong>Dnnrnruus,togamque</strong></span> <span class='ocrx_word' id='word_1_163' title='bbox 995 3819 1166 3892; x_wconf 81' lang='lat' dir='ltr'><strong>mutasset,</strong></span> <span class='ocrx_word' id='word_1_164' title='bbox 1177 3814 1277 3878; x_wconf 86' lang='lat' dir='ltr'><strong>multa</strong></span> <span class='ocrx_word' id='word_1_165' title='bbox 1287 3813 1355 3880; x_wconf 87' lang='lat' dir='ltr'><strong>ela·</strong></span> 
     </span>
     <span class='ocr_line' id='line_1_26' title="bbox 273 3911 1353 3999; baseline 0.002 -23"><span class='ocrx_word' id='word_1_166' title='bbox 273 3914 425 3979; x_wconf 87' lang='lat' dir='ltr'><strong>berentur</strong></span> <span class='ocrx_word' id='word_1_167' title='bbox 438 3934 515 3999; x_wconf 75' lang='lat' dir='ltr'><strong>quae</strong></span> <span class='ocrx_word' id='word_1_168' title='bbox 531 3915 579 3978; x_wconf 90' lang='lat' dir='ltr'><strong>iiii</strong></span> <span class='ocrx_word' id='word_1_169' title='bbox 595 3915 761 3999; x_wconf 85' lang='lat' dir='ltr'><strong>sapienter</strong></span> <span class='ocrx_word' id='word_1_170' title='bbox 775 3915 897 3979; x_wconf 87' lang='lat' dir='ltr'><strong>tradita</strong></span> <span class='ocrx_word' id='word_1_171' title='bbox 916 3913 1055 3978; x_wconf 82' lang='lat' dir='ltr'><strong>inerant.</strong></span> <span class='ocrx_word' id='word_1_172' title='bbox 1099 3911 1211 3990; x_wconf 84' lang='lat' dir='ltr'><strong>Quare</strong></span> <span class='ocrx_word' id='word_1_173' title='bbox 1225 3913 1259 3977; x_wconf 95' lang='lat' dir='ltr'><strong>in</strong></span> <span class='ocrx_word' id='word_1_174' title='bbox 1272 3931 1353 3978; x_wconf 90' lang='lat' dir='ltr'><strong>con-</strong></span> 
     </span>
     <span class='ocr_line' id='line_1_27' title="bbox 273 4013 1034 4096; baseline -0.001 -21"><span class='ocrx_word' id='word_1_175' title='bbox 273 4019 443 4095; x_wconf 87' lang='lat' dir='ltr'><strong>sequentes</strong></span> <span class='ocrx_word' id='word_1_176' title='bbox 457 4033 560 4079; x_wconf 87' lang='lat' dir='ltr'><strong>annos</strong></span> <span class='ocrx_word' id='word_1_177' title='bbox 574 4015 637 4079; x_wconf 91' lang='lat' dir='ltr'><strong>hoo</strong></span> <span class='ocrx_word' id='word_1_178' title='bbox 651 4017 682 4080; x_wconf 91' lang='lat' dir='ltr'><strong>ci</strong></span> <span class='ocrx_word' id='word_1_179' title='bbox 694 4013 878 4080; x_wconf 87' lang='lat' dir='ltr'><strong>subsidium</strong></span> <span class='ocrx_word' id='word_1_180' title='bbox 892 4013 1034 4096; x_wconf 82' lang='lat' dir='ltr'><strong>pararit.</strong></span> 
     </span>
     <span class='ocr_line' id='line_1_28' title="bbox 253 4111 1350 4197; baseline 0.003 -23"><span class='ocrx_word' id='word_1_181' title='bbox 253 4137 256 4144; x_wconf 56' lang='grc'>’</span> <span class='ocrx_word' id='word_1_182' title='bbox 315 4111 480 4177; x_wconf 71' lang='lat' dir='ltr'><strong>Praeterea</strong></span> <span class='ocrx_word' id='word_1_183' title='bbox 493 4133 566 4179; x_wconf 89' lang='lat' dir='ltr'><strong>oum</strong></span> <span class='ocrx_word' id='word_1_184' title='bbox 582 4111 860 4197; x_wconf 81' lang='lat' dir='ltr'><strong>intelligeretRox</strong></span> <span class='ocrx_word' id='word_1_185' title='bbox 870 4111 1146 4195; x_wconf 80' lang='lat' dir='ltr'><strong>sapientissimus</strong></span> <span class='ocrx_word' id='word_1_186' title='bbox 1160 4131 1225 4176; x_wconf 91' lang='lat' dir='ltr'><strong>non</strong></span> <span class='ocrx_word' id='word_1_187' title='bbox 1239 4112 1350 4177; x_wconf 89' lang='lat' dir='ltr'><strong>miuus</strong></span> 
     </span>
    </p>
   </div>
   <div class='ocr_carea' id='block_1_6' title="bbox 0 0 1504 4888">
    <p class='ocr_par' dir='ltr' id='par_1_6' title="bbox 0 0 1504 4888">
     <span class='ocr_line' id='line_1_29' title="bbox 0 0 1504 4888; baseline 0 0"><span class='ocrx_word' id='word_1_188' title='bbox 0 0 1504 4888; x_wconf 95' lang='lat' dir='ltr'><strong> </strong></span> 
     </span>
    </p>
   </div>
  </div>
 </body>
</html>
