3000 4890
317 371 365 417 aa
389 371 595 422 vaaaoauu
621 375 932 428 staurrtcaaroaa
958 383 1028 431 ata.
1053 386 1108 432 xr.
1193 369 1253 436 391

207 511 328 578 dandis
344 515 446 578 ctiam
460 525 575 581 nostro
600 520 725 584 sacculo
747 519 818 597 luit,
839 522 927 586 unda
943 525 1150 591 manticulari
1167 527 1257 592 dice·

207 614 339 692 bantur,
355 618 412 697 qni
428 617 558 682 iurandi
572 621 678 702 gratia
689 622 890 688 manticulas
902 628 1134 692 attrectabant.
1159 628 1257 692 Unda

208 713 322 796 po'e'tae
337 736 397 799 pro
414 718 530 782 doloso
544 721 624 803 quid
639 723 768 803 agendo
786 725 837 787 usi
854 733 934 790 eunt
949 745 989 789 eo
1001 728 1113 792 verbo.
1148 729 1257 795 Pacu·

205 815 301 881 vius:
319 817 374 882 Ad
385 821 672 886 manticulandum
688 832 763 889 astu
778 828 984 907 aggreditur:
1000 829 1064 892 scit
1074 829 1161 892 enim
1174 831 1255 913 quid

205 922 464 1000 promeruerit.⁷.
479 963 509 985 .·
524 924 648 989 modici
663 928 926 992 manticulatur..
941 973 948 988 .
963 975 970 990 .
983 930 1030 994 ita
1042 950 1094 994 ma
1104 929 1185 994 iacti
1196 950 1256 1014 op·

205 1023 313 1102 pressi
324 1021 416 1105 jugo.
458 1024 542 1088 itam
558 1025 696 1090 deinde:
712 1024 912 1108 Aggreditur
927 1035 1001 1094 asta
1017 1049 1146 1111 regem;
1161 1050 1255 1095 maa-

204 1122 406 1188 ticulandam
426 1131 479 1190 ost
501 1125 556 1190 hio
575 1127 665 1190 mihi.
709 1126 771 1192 Et:
795 1129 985 1194 Machinam
1001 1132 1120 1196 ordiris
1133 1151 1255 1197 novam

204 1225 405 1290 manticula8
421 1233 527 1306 tacta,
542 1247 583 1292 an
599 1229 769 1294 sanctiora
784 1231 870 1294 diois
880 1231 1109 1314 jurajuranda.
1153 1233 1256 1298 Plau·
1343 1220 1346 1226 ¹

204 1340 259 1388 tus
271 1327 335 1390 hoo
351 1329 537 1409 significare
553 1329 694 1409 videtur,
704 1333 826 1415 quibus
842 1333 967 1397 cotidie
979 1354 1093 1417 parvae
1118 1335 1253 1418 [Paua.

201 1445 300 1491 noxae
316 1437 576 1512 extergeantur.⁹

157 1525 330 1592 Mantisa²
351 1529 616 1596 additamentum
631 1532 753 1597 dicitur
767 1533 880 1616 lingua
895 1535 1051 1613 Tusca,¹⁰
1068 1537 1158 1620 qaod
1172 1559 1256 1622 pon-

616 1704 798 1724 ΝΜΜΟΝΟ

190 1802 206 1847 t
224 1799 292 1850 Vide
305 1802 388 1852 Notat
401 1802 495 1854 tut-e
511 1805 557 1853 Vir
568 1805 662 1855 doctas
679 1806 703 1854 in
723 1817 803 1866 marg.
814 1803 855 1852 ed.
868 1804 936 1854 Saul.
948 1805 1053 1868 conjicit
1064 1807 1255 1856 mutarim-⁹

154 1864 200 1911 Ex
210 1866 313 1916 aelredia
331 1868 476 1918 addendam
488 1879 575 1920 monet
587 1870 652 1919 Dae.
671 1871 790 1930 Freqaeat
800 1869 863 1918 caim
872 1870 978 1932 antiquie
987 1873 1018 1921 ad
1034 1885 1115 1920 naam
1131 1873 1256 1933 tergendae

155 1930 273 1992 aufuit
283 1934 541 1983 manticularum-10
559 1934 618 1983 Vet.
630 1933 674 1982 lib.
689 1935 758 1982 Oica.

653 2065 760 2113 NOTAE

154 2156 242 2205 citur:
260 2157 328 2208 ande
347 2157 481 2210 indefinita
496 2159 685 2221 modadggre-
725 2166 777 2206 tem
790 2157 879 2208 doloso
896 2164 1007 2208 tentare.
1042 2159 1128 2208 (ilem.
1148 2157 1254 2208 Graea-

154 2232 216 2281 diri.
241 2233 322 2295 Spero
334 2236 453 2298 equidem
465 2235 537 2298 lrujua
548 2243 600 2283 tam
612 2249 685 2296 egra·
725 2235 784 2282 Lat.
793 2233 918 2297 ‘rapdfm
927 2243 1009 2290 tento,
1019 2235 1152 2284 rnaneulor
1160 2233 1177 2282 ι’
1187 2234 1257 2284 dice·

152 2309 191 2370 gii
204 2307 252 2358 laci
265 2323 280 2357 a
291 2310 364 2359 nobit
375 2311 488 2359 restituti
499 2310 621 2360 candidas
633 2312 684 2359 lec·
724 2311 800 2361 batur
808 2313 885 2361 etiam
896 2319 922 2360 et
931 2313 1092 2361 manticulare.
1111 2311 1195 2360 Glotr.
1207 2310 1255 2360 lal-

154 2390 227 2432 torer
248 2386 358 2447 gratiam
380 2387 515 2435 relaturae.
548 2384 598 2434 Sed
621 2385 684 2434 illud
724 2388 780 2436 dar.
798 2387 996 2449 ‘Manticnlare,
1015 2387 1133 2436 iratrdare
1152 2387 1192 2434 rel
1210 2385 1255 2434 de-

152 2462 365 2524 pratereundunt
382 2476 431 2510 aon
453 2468 503 2523 eat,
521 2461 684 2525 quarejare·
724 2463 829 2527 cipere?
864 2463 921 2512 Nisi
943 2463 979 2512 ibi
1002 2464 1080 2510 etiam
1104 2461 1255 2510 manticulari

148 2537 266 2600 jurando
277 2536 342 2585 dixit
361 2538 492 2597 extergeri
510 2552 588 2585 aaran
601 2537 684 2602 qtrati·
724 2540 758 2588 tit
771 2539 973 2589 rescribendum.
1001 2539 1051 2606 Sed
1065 2537 1126 2585 nillil
1139 2551 1253 2585 necesse.

152 2611 256 2661 dianas.
289 2611 463 2676 Alluaitergo
480 2614 511 2661 ad
529 2611 683 2661 ratirt'actio·
725 2615 810 2664 Glaar.
832 2613 1017 2662 Arabico-Lat.
1042 2610 1255 2672 ‘ltiaatiealatlo,

154 2700 214 2747 ner,
225 2702 281 2750 qna
293 2687 399 2750 fiebant,
410 2703 468 2736 curn
486 2689 510 2734 in
523 2689 631 2751 gratiam
645 2704 684 2736 re·
725 2689 829 2740 fallacia
840 2690 881 2738 vel
892 2687 1065 2738 lenocinium)
1081 2687 1163 2738 Immo
1175 2687 1252 2735 etiam

153 2763 278 2812 ditatur:
300 2764 355 2827 ejna
367 2764 513 2827 exemplum
526 2766 605 2812 ariter
615 2764 683 2826 apud
725 2767 807 2816 videri
821 2773 907 2830 potett
919 2763 1070 2814 manticulari
1081 2763 1178 2811 dietam
1190 2761 1253 2810 tuir-

153 2839 279 2888 Plattttrm
297 2840 486 2904 Amphitruone
498 2857 504 2889 ι
523 2842 631 2902 ‘Mane,
645 2856 684 2888 ar·
725 2857 752 2890 ae
765 2857 811 2902 pro
823 2841 935 2890 arantilia
952 2839 1006 2888 aive
1018 2838 1170 2888 manticulas
1183 2838 1254 2887 colli·

153 2915 254 2964 bitrata
273 2925 317 2965 tuo
341 2917 520 2980 jurJurandum
542 2917 618 2975 dabo,
638 2918 683 2965 Me
725 2932 803 2982 gere:
823 2917 839 2968 i.
854 2931 895 2967 rea
911 2915 1019 2964 furtivas
1035 2927 1185 2972 contraraie,
1203 2928 1254 2977 qao

152 3005 238 3040 meam
250 2992 369 3055 pudicam
382 3005 439 3041 eme
458 3007 562 3041 uxorem
575 2993 683 3041 nuara-
723 3009 798 3042 remu
808 2993 864 3043 fere
874 2990 1252 3055 Gallidieuat,plicriatoiiette.

154 3068 215 3116 rier.
249 3069 280 3117 Id
293 3084 342 3132 ega
353 3070 373 3117 ri
385 3067 458 3130 t'allo,
472 3077 525 3117 tam
539 3076 573 3130 te,
585 3083 681 3117 erimine
724 3071 800 3120 Quod
823 3079 849 3118 at
869 3082 980 3117 manaan
998 3067 1065 3115 dixit
1086 3065 1222 3124 Laberius,
1237 3080 1253 3114 ι

152 3143 290 3208 Jappiter,
317 3145 424 3206 Quam,
448 3143 628 3206 Amphitruoni
655 3153 683 3194 ut
722 3145 824 3205 mannia,
852 3145 876 3192 id
906 3151 955 3205 eet,
981 3142 1127 3204 manipulis.
1167 3140 1254 3190 Glora.

153 3235 259 3284 temper
270 3222 350 3270 iratae
361 3220 437 3269 aiett'
454 3227 481 3268 et
499 3234 552 3267 ntor
564 3219 681 3280 exigendi
724 3223 848 3282 ‘Manita
874 3217 1037 3280 manipulus.¹
1070 3217 1138 3266 Item
1167 3215 1251 3266 Glou.

152 3295 180 3346 id
200 3310 216 3342 a
233 3297 311 3356 laria,
326 3311 369 3344 rea
387 3295 476 3357 injuria
490 3291 596 3350 affectis,
609 3304 683 3343 extat
723 3295 889 3346 Gracc-Lat.
905 3291 1020 3354 ‘tpdppa
1029 3291 1182 3354 manipulas,
1200 3306 1252 3340 ma-

151 3373 180 3420 in
189 3370 279 3420 eadem
287 3361 389 3420 fabrile:
406 3370 478 3419 ‘Aut
487 3367 628 3418 eatirt'aciat
638 3371 682 3418 nti-
723 3389 784 3429 aaa,
795 3368 917 3434 dragma!
937 3370 1000 3419 Dar.

151 3448 179 3496 lri
191 3465 197 3496 :
211 3457 290 3512 atque
300 3447 402 3510 adjurat
413 3447 527 3507 increper,
537 3446 613 3495 Nolle
626 3460 682 3494 erae
755 3451 763 3482 ¹
782 3448 901 3510 Mantira]
921 3446 980 3496 Nou
1001 3453 1040 3494 eat
1061 3446 1182 3503 Tuscum,
1205 3443 1251 3492 red

152 3523 234 3578 dicta.
244 3539 301 3588 quat
321 3524 346 3572 ia
358 3538 398 3572 nte
410 3524 536 3572 insontem
550 3523 657 3584 protulit
668 3521 684 3570 :'
706 3543 710 3552 .
723 3540 814 3587 purum
827 3533 917 3588 putum
930 3523 1063 3572 Latinum:
1077 3519 1196 3581 Maatira,
1206 3535 1253 3582 pra

152 3613 186 3647 etr
205 3599 243 3647 iria
263 3600 407 3648 luculenter
423 3597 684 3657 illustratarinrignia
723 3606 875 3648 manateaaa:
892 3607 921 3648 ut
943 3595 1252 3646 ‘monterium’Varroai

150 3675 226 3723 locut
238 3674 355 3723 Pacuvii.
388 3673 476 3722 Habea
486 3681 512 3720 et
522 3674 546 3721 in
557 3672 682 3734 Adelphis
725 3691 770 3738 pro
786 3674 972 3724 ‘menolariam
983 3673 998 3722 :'
1015 3671 1139 3721 ‘Tenum'
1155 3670 1253 3734 antiqui

150 3749 280 3798 Terentii.
296 3751 349 3798 dar.
361 3749 425 3798 Seni.
725 3765 772 3814 pro
788 3750 922 3799 ‘tensum'
940 3750 1072 3802 dicebaut,
1083 3753 1110 3795 et
1126 3745 1253 3808 ‘peanmss

185 3825 386 3888 lilaaticalaram]
404 3824 684 3878 Manticoe,etdiurintt·
724 3841 770 3875 rea
796 3823 937 3887 ‘pertram'
966 3837 1013 3885 pro
1044 3819 1198 3884 ‘peatuntr'
1226 3830 1253 3869 et

151 3903 217 3957 tite,
228 3903 377 3965 Mauricatim,
394 3919 475 3960 aona,
494 3903 587 3966 quibua
602 3903 684 3950 iuriar
723 3900 856 3964 ‘patrum'
867 3914 913 3962 pro
925 3897 933 3926 ‘
944 3895 1068 3960 paurum!
1087 3895 1254 3958 lgitarMan·

151 3995 225 4044 pern
252 3980 363 4030 Veteres
393 3979 543 4038 utebantur,
568 3985 595 4026 et
623 3979 683 4026 iude
724 3977 834 4034 tiaa,reu
845 3970 1051 4036 illaatiaaa,qaod
1065 3971 1213 4031 meliorest,
1226 3981 1253 4022 et

148 4055 279 4106 aurant
295 4061 322 4102 et
337 4055 498 4111 manticulari,
509 4052 586 4100 iurari
599 4060 626 4100 et
639 4051 684 4102 do·
725 4061 798 4103 extat
815 4053 839 4101 iu
854 4049 1005 4116 quibusdam
1019 4045 1148 4096 ueteribur
1160 4047 1253 4098 editio·

149 4134 205 4182 lore
228 4145 318 4194 agere.
353 4129 436 4178 Glari.
459 4130 466 4155 ⁴
480 4127 685 4189 Mantiettlariur,
726 4130 810 4189 aibat,
827 4127 923 4176 dietam
936 4139 983 4188 pro
996 4125 1148 4184 Manuteaaa,
1161 4137 1209 4186 pra
1221 4140 1252 4173 ea

149 4206 276 4267 naham!
294 4201 643 4265 'illanticularrrxvdl'apau’
661 4206 686 4254 1-
728 4205 795 4271 qaod
818 4219 892 4254 mann
918 4201 1066 4266 porrigitur,
1092 4207 1189 4266 praeter
1216 4201 1251 4258 id,
