2984 4892
281 413 327 460 oe
352 411 555 460 vuuuorruu
580 411 886 462 sucurrrcrrrour
917 417 988 464 cru.
1012 415 1066 463 xr.
1152 399 1217 466 441

127 551 258 618 Muries
269 561 330 633 est,
339 553 617 637 quemadmodum
630 554 798 619 Veranius
808 555 919 632 docet,
933 574 974 618 ea
985 575 1060 639 quae
1090 554 1218 638 [Puer.

172 657 212 719 fit
228 675 271 718 ex
291 655 362 720 saie
387 655 522 720 sordido
546 656 666 739 iopila
687 657 832 739 pinsum,
847 665 882 720 et
900 657 933 720 iu
958 657 1058 720 ollem
1079 655 1217 722 iritilem

172 757 335 840 conjecto,
349 757 465 839 ibique
478 763 607 840 opertu,
622 765 886 841 gypsatoque,et
897 758 1035 821 insumo
1049 767 1215 842 percocto,

172 859 227 922 cui
249 858 405 940 Virgines
433 857 592 922 Vestales
615 877 707 922 serra
730 858 836 922 ferree
858 865 962 932 secto,
978 865 1012 922 et
1037 860 1070 922 iu
1097 861 1218 924 seriam

171 959 334 1042 conjecto,
350 980 426 1044 quae
443 967 497 1023 est
509 960 601 1024 intus
611 961 644 1023 in
659 960 732 1024 aede
747 959 879 1038 Vostae,
890 962 924 1023 in
938 980 1023 1044 peuu
1041 963 1214 1040 exteriore,

170 1079 291 1142 aquom
298 1060 425 1143 jugem,
436 1060 490 1124 vol
505 1061 704 1142 quamlibet,
719 1067 945 1144 praeterquam
960 1080 1037 1143 quoe
1053 1082 1110 1144 per
1122 1062 1217 1126 fistu-

170 1163 221 1226 las
243 1163 341 1238 veuit,
357 1161 519 1239 addunt,¹⁸
542 1170 641 1245 utque
663 1182 704 1226 ea
725 1163 856 1226 demum
872 1166 906 1228 iu
928 1163 1103 1226 sacrificiis
1118 1173 1218 1227 utun·

171 1268 232 1326 tur.

126 1363 276 1430 Murrata
299 1365 452 1448 putioue¹
481 1385 560 1430 usos
583 1367 736 1449 antiquus
759 1366 882 1432 indicio
905 1373 970 1445 ost,
996 1367 1086 1452 quod
1114 1369 1216 1432 etiam

167 1486 256 1530 nunc
271 1469 401 1532 AEdiles
416 1489 475 1551 per
503 1468 767 1552 supplicationes
783 1469 861 1533 Diis
886 1468 1015 1534 addunt
1036 1470 1079 1535 ud
1106 1470 1216 1553 pulvi-

169 1570 273 1646 ouria,
299 1579 334 1633 et
362 1570 454 1653 quod
481 1568 660 1634 duodecim
689 1571 812 1635 tubulis
837 1579 984 1651 cavetur,
1013 1592 1054 1635 ue
1083 1577 1215 1636 mortuo

168 1670 336 1748 indutur,¹¹¹
350 1681 388 1736 ut
403 1672 452 1736 uit
467 1671 577 1736 Varro
592 1673 626 1735 iu
642 1673 874 1755 antiquitatum
889 1673 974 1737 libro
990 1674 1109 1756 primo.

129 1768 286 1836 Murrutu
312 1773 448 1855 potione
475 1774 528 1842 usi
558 1782 635 1837 suut
662 1774 814 1857 antiqui:
850 1773 908 1838 sed
936 1782 1059 1856 postea
1080 1773 1215 1857 [Puuu.

169 1871 351 1938 adsuerunt
370 1894 512 1940 murram
529 1876 607 1939 Diis
631 1877 704 1940 suis
725 1876 856 1940 libare:
879 1875 1021 1958 ideoque
1035 1873 1215 1939 duodecim

96 2043 100 2054 ι
168 1974 294 2038 tubulis
310 1982 362 2039 est
377 1983 519 2053 cautum,
534 1983 719 2041 demortuo
734 1977 911 2041 inderetur.

124 2073 406 2156 Murricidum,¹⁹¹²
434 2079 602 2161 ignavum,
632 2080 783 2144 stultum.
839 2079 1002 2146 Plautus:
1036 2077 1215 2142 Murricide

168 2177 281 2250 homo,
296 2180 425 2262 ignore,
439 2180 539 2245 iners.

582 2345 759 2366 ooeoeoooun

157 2477 189 2522 18
212 2473 261 2524 Ed.
279 2475 346 2525 Scri.
365 2477 527 2526 addent-1⁹
542 2477 624 2527 Unico
650 2494 665 2526 r
682 2477 846 2529 scribendum
867 2481 955 2526 mouet
971 2476 1038 2527 Scri.
1062 2474 1216 2526 Mortuum

126 2537 265 2588 Nereidum
274 2540 370 2589 meruit
382 2542 448 2591 Dro-
480 2541 548 2591 Vide
561 2543 652 2593 Notae.

617 2703 725 2754 Now

120 2810 182 2868 buu,
208 2812 294 2863 idibus
321 2813 521 2878 septembribus,
546 2814 649 2878 rdjecru
690 2813 1217 2877 Numduoittr,tgme‚immunimus-

121 2887 178 2936 taie
198 2898 283 2948 corto,
301 2899 328 2938 et
346 2890 399 2939 urie
418 2889 499 2938 duro.¹
533 2889 590 2940 Hoc
612 2890 650 2939 rei
689 2897 786 2942 temate
800 2891 879 2940 Ferri.
911 2890 1006 2939 Melius
1022 2887 1216 2938 rutemrcribe·

122 2961 255 3010 sordidum
268 2968 293 3011 rt
305 2972 407 3014 coctum
418 2964 468 3014 ulio
478 2966 580 3014 nomine
591 2965 649 3030 κβ
691 2975 762 3016 retur
773 2966 848 3016 unico
859 2980 882 3028 r,
889 2965 1027 3013 neriddrr.
1061 2961 1137 3014 Quod
1147 2961 1217 3008 uide·

122 3039 223 3089 dictum
234 3039 314 3091 frrirue
330 3043 508 3106 cognoscimur
525 3057 557 3092 ex
570 3043 650 3094 Fabio
689 3051 732 3092 tur
751 3053 870 3107 tunquam
888 3041 1042 3104 jocuirriter
1063 3039 1154 3100 ignoro
1172 3051 1216 3084 ex·
1259 3073 1262 3080 ,

121 3114 239 3164 Pictore.
273 3116 338 3166 Vide
352 3117 450 3167 ‘extit'
463 3118 536 3168 Idm.
690 3118 851 3182 probruturu,
861 3123 891 3166 ut
908 3117 951 3179 qui
961 3116 1060 3164 hortem
1076 3125 1125 3160 uon
1143 3118 1216 3176 potu-

156 3187 290 3254 {Murcia
314 3193 420 3257 potione]
447 3195 561 3244 Mur-rute
584 3193 650 3256 potio
689 3197 760 3256 iuret,
777 3207 862 3243 morer
880 3193 1008 3241 crederet:
1026 3189 1098 3255 quui
1116 3186 1216 3249 moet-

121 3266 193 3318 idem
205 3267 272 3330 quod
284 3268 405 3331 Murrina,
416 3276 444 3318 et
460 3278 599 3319 ururretum
612 3270 648 3318 ri·
689 3289 736 3320 ror.
769 3269 915 3319 Muricidun
938 3277 1023 3317 tomen
1045 3266 1124 3316 etiam
1142 3265 1216 3314 dixe·

122 3344 648 3408 uumunguentirremperrtrmtporerpu·
688 3354 749 3398 runt
759 3347 878 3406 Vererer,
896 3350 925 3394 ut
941 3343 1098 3405 Porupcuiur
1117 3340 1216 3390 Atellu-

120 3417 190 3479 μένοι,
200 3431 248 3468 ocu
257 3420 363 3483 merie,
372 3427 401 3468 ut
413 3422 479 3469 uteie
491 3422 592 3484 quidem
605 3434 649 3483 pu·
688 3424 783 3473 uerior.
815 3421 975 3484 doguutiuuo
994 3418 1026 3467 de
1046 3418 1151 3468 civitat.
1170 3415 1216 3466 lib.

121 3501 189 3547 taut.
223 3495 315 3558 Neque
326 3495 404 3545 etium
421 3511 453 3545 eu
467 3510 516 3544 uuo
527 3496 649 3556 murrina.
689 3513 731 3549 ιιι.
749 3512 806 3561 cup.
825 3501 866 3547 ld.
883 3497 987 3545 'Deum
1004 3493 1140 3546 Murciam.
1156 3504 1215 3556 qun

121 3579 151 3622 ut
169 3571 238 3621 infre
258 3572 361 3622 Paulur.
394 3575 414 3621 A
436 3572 541 3635 pipant
556 3571 650 3634 popter:
689 3573 903 3637 praetermodum
923 3585 975 3620 uon
993 3576 1117 3630 nrcveret,
1133 3583 1163 3618 re
1179 3568 1217 3616 ir·

120 3645 191 3704 abor,
204 3657 260 3698 utu
275 3647 515 3711 §bonohomine
547 3649 649 3698 Graeciu
689 3659 761 3700 ceret
782 3651 918 3707 bominem,
938 3655 967 3696 ut
990 3647 1027 3697 rit
1048 3646 1216 3710 Pomponius,

120 3725 316 3776 dieituruector.
349 3726 503 3791 Ideoqueet
516 3727 541 3775 io
553 3727 652 3790 ruppli·
689 3727 843 3787 murcidum,
855 3725 880 3774 id
900 3731 949 3785 ert,
961 3724 1035 3773 circio
1053 3722 1216 3778 deridiouum,

119 3801 267 3852 cutiouibur
279 3802 312 3850 ud
325 3803 467 3865 puteiorrir
479 3804 594 3852 Deorum
605 3817 650 3866 rp-
689 3810 717 3853 et
726 3801 907 3851 inactuosum?
917 3802 970 3849 Jct.
981 3799 1045 3848 Soet.

120 3877 275 3941 ponebatur.
288 3879 363 3928 Idm.
721 3876 893 3938 Muri-iridem]
927 3875 1024 3922 Melior
1060 3871 1217 3920 scriberetur

153 3959 172 3986 ¹¹¹
189 3953 230 4002 Ne
242 3959 332 4002 mortuo
348 3953 458 4016 iudutrr]
478 3954 552 4017 begu
563 3953 651 4017 rerba,
690 3955 764 4003 unico
777 3968 800 4013 r,
814 3951 951 4010 muricidur,
964 3948 1031 4012 quod
1049 3947 1160 4003 videtur,
1178 3946 1216 3994 iu·

118 4031 281 4078 ‘muncrum
298 4030 428 4094 potionem
445 4041 547 4081 mortuo
563 4045 596 4080 ne
612 4031 650 4080 ic·
689 4033 747 4095 quit
763 4030 889 4092 saetiger,
894 4026 1048 4090 jocuirriter
1064 4025 1157 4087 ignoro
1171 4037 1217 4071 ex·

119 4106 196 4156 uiro:
207 4106 281 4156 idom.
689 4105 847 4171 probrrturu,
857 4111 888 4152 ut
899 4102 942 4166 qui
959 4100 1045 4150 beuter
1058 4113 1108 4148 uon
1119 4097 1217 4160 potuim

152 4189 165 4217 ¹¹
182 4180 356 4245 Murriciduur]
373 4181 460 4230 Piruti
480 4181 550 4231 locus
568 4189 607 4230 eut
624 4182 650 4230 io
688 4191 739 4244 eet,
750 4195 834 4231 murce
850 4181 981 4238 cederem
997 4177 1069 4241 quui
1080 4171 1217 4236 cmoritur.

119 4258 248 4324 Epidico:
265 4268 325 4309 ‘re
346 4258 395 4309 tibi
415 4259 539 4309 muricide
557 4258 651 4310 bomo!
690 4257 742 4310 Sed
753 4257 883 4309 numum
893 4253 1002 4306 meiius:
1019 4267 1034 4303 r
1044 4250 1141 4316 pomus,
1156 4252 1218 4302 nui-
