2980 4888
318 605 445 820 Μ.
497 697 845 818 VERRII
909 697 1242 818 FLACCI

552 959 706 1055 nuru
756 959 1048 1052 uxTANT.

649 1197 949 1214 *m

544 1405 608 1482 M.
648 1402 834 1482 vunnu
875 1373 1063 1478 surcc'r

438 1611 611 1680 RERUM
644 1607 875 1678 MEMORIA
904 1605 1173 1676 DIGNARUM

724 1823 816 1892 LIB.
851 1824 881 1890 1.

257 1992 447 2082 Vuunrus
459 2014 525 2079 boe
538 2014 625 2078 libro
633 2011 739 2090 refert,
751 2033 809 2079 cur
822 2013 950 2080 (licetur
964 2034 1081 2080 versus
1096 2013 1152 2080 ille
1163 2032 1209 2079 ex
1222 2015 1342 2082 Hesio·

258 2121 316 2198 do,
341 2117 470 2182 Melum
494 2115 672 2180 consilium
703 2115 881 2181 consultori
906 2116 1087 2200 pessimum
1115 2123 1181 2180 est.
1224 2115 1343 2182 Stutuu

259 2219 382 2284 Romen
397 2219 432 2281 in
446 2217 580 2281 comitio
601 2217 716 2298 positu
731 2215 868 2281 Horatii
883 2215 1023 2283 Coclitis
1038 2215 1210 2281 fortissimi
1224 2217 1288 2281 viri
1303 2217 1342 2280 de

261 2319 351 2384 eoele
364 2322 452 2382 tectu
466 2321 528 2380 est.
571 2314 625 2379 Ob
640 2317 674 2381 id
692 2314 800 2400 fulgur
812 2317 954 2400 pinculi·
969 2316 1130 2382 luendum
1145 2314 1343 2399 horuspices

257 2439 304 2486 ex
317 2417 449 2482 Etruria
463 2415 577 2495 occini,
590 2417 727 2482 inimico
742 2425 842 2501 etque
863 2417 978 2482 hostili
992 2419 1026 2482 in
1040 2416 1202 2501 populum
1217 2415 1344 2482 Roma-

257 2539 337 2586 num
358 2519 483 2596 enimn,
508 2518 720 2583 instituerant
739 2538 814 2583 eom
839 2537 908 2584 rem
929 2517 1105 2582 contrariis
1132 2517 1343 2600 religionibus
1477 2543 1478 2614 ἰ

258 2635 447 2703 procurare.
488 2614 602 2702 Atque
625 2617 716 2682 illem
739 2623 884 2684 statuum
906 2625 1082 2684 suaserunt
1103 2617 1139 2680 in
1157 2617 1345 2682 inferiorem
1477 2661 1478 2672 2

257 2722 370 2785 loenm
399 2737 574 2802 perperam
601 2719 783 2802 transponi,
810 2738 907 2804 quem
937 2718 998 2784 Sol
1027 2717 1189 2800 oppositu
1215 2717 1345 2783 eireum

258 2819 406 2902 undique
422 2819 559 2883 alierum
569 2818 692 2883 aedium
704 2837 872 2900 nunquam
886 2816 1077 2882 illustraret.
1099 2814 1199 2894 Quod
1212 2819 1346 2882 numito

258 2921 330 2986 lieri
343 2907 598 3003 persuasissent,
613 2916 716 2981 deleti
730 2917 773 2980 ud
788 2917 963 3000 populum,
985 2915 1174 3000 proditique
1193 2924 1288 3000 sturt;
1311 2928 1346 2984 et

208 3049 213 3054 ·
257 3041 336 3086 eum
358 3019 402 3084 (le
421 3014 559 3103 perfidie
572 3015 719 3080 confessi
741 3025 863 3094 essent,
881 3017 991 3081 neeuti
1011 3013 1116 3082 sunt}
1129 3017 1345 3102 constititque

257 3139 332 3185 eam
360 3125 518 3196 sumum,
545 3101 685 3201 perinde
708 3120 746 3181 ut
769 3133 858 3182 verse
881 3113 1032 3180 tutiores
1058 3121 1141 3198 post
1163 3126 1345 3200 comportes

258 3218 446 3294 mouebant,
456 3217 493 3280 iu
507 3217 619 3290 locum
630 3215 756 3281 editum
767 3213 1030 3292 subcluoendum,
1040 3222 1142 3298 atque
1154 3215 1207 3280 itu
1218 3217 1254 3281 in
1268 3237 1346 3284 uren

253 3315 408 3382 Valeant
422 3311 605 3378 sublimiori
625 3315 700 3377 loeo
723 3314 942 3378 statuendum.
986 3314 1042 3379 Ex
1063 3331 1132 3398 qus
1150 3333 1187 3380 re
1212 3317 1296 3381 bene
1311 3323 1347 3386 et
1377 3389 1381 3394 ,

258 3435 420 3500 prospere
433 3414 520 3496 reip.
533 3414 645 3478 cessit.
688 3414 787 3479 Tune
801 3414 913 3497 igitur,
927 3413 1017 3498 quod
1043 3413 1079 3478 in
1101 3413 1262 3480 Etmscos
1285 3417 1345 3483 hu·

258 3517 410 3598 ruspiees
434 3513 521 3579 mele
546 3512 758 3578 consulentes
782 3515 1047 3581 animadversum
1076 3507 1346 3601 viridiceturnque

257 3617 380 3693 fueret,
403 3632 520 3678 versus
534 3613 588 3678 hie
604 3615 752 3682 seuerius
772 3615 856 3680 scite
877 3616 986 3683 sectus
1001 3619 1219 3706 cantatusque
1234 3635 1309 3682 esse
1323 3637 1346 3684 e

168 3709 174 3718 ’
259 3715 370 3800 pueris
384 3716 464 3782 urbe
475 3721 548 3778 tots
561 3712 687 3778 fertur.⁵

571 3954 583 3980 ⁵
599 3947 639 3998 Ex
650 3944 710 3997 Gsl.
722 3943 885 4011 lii.1v.esp.
896 3951 920 3995 t.
