2980 4888
252 363 295 428 lt)
605 375 760 426 nrcrarr
784 377 990 460 reprimo.

252 539 317 586 res.
360 519 417 584 Sic
431 519 555 584 alicubi
568 537 622 584 me
642 519 764 602 legisse
787 521 920 584 memini
940 518 1076 586 Festum
1090 519 1331 604 interpretatum
1467 578 1472 589 .

251 641 327 688 csse
341 639 460 688 vocem
470 618 611 700 Attum,
622 630 751 684 montem
766 619 875 685 ultum

295 721 375 787 Hoc
404 742 537 806 quoque
565 722 751 789 monendus
790 742 839 800 es,
873 723 992 798 lector,
1018 721 1214 788 divisionem
1240 721 1330 786 Festi
1474 807 1475 816 ἵ

253 822 482 889 sliamsnisse.
525 824 601 890 Ista
614 825 713 901 enim,
734 831 774 888 ut
788 823 927 907 singulm
941 823 1047 888 literar
1062 822 1166 888 libros
1187 823 1331 904 singulos
1474 833 1475 841 ¹

253 924 443 990 contineam
464 924 545 990 Aldi
565 933 629 1004 est,
652 945 720 990 non
744 926 848 1003 Festi,
872 927 931 1009 qui
954 931 1030 991 ante
1053 925 1092 990 M
1116 926 1247 991 literam
1264 941 1331 988 xrr.

252 1025 356 1094 libros
370 1027 522 1092 confecit.
566 1028 667 1094 Liber
682 1040 770 1093 xrrr.
784 1027 969 1111 incipiebat
981 1028 1016 1091 in
1031 1027 1141 1092 medio
1159 1025 1267 1091 litere
1283 1027 1331 1103 M,

254 1133 331 1192 ante
353 1145 472 1193 vocem
487 1125 608 1192 Malus.
664 1128 747 1192 Inde
769 1147 879 1210 usqne
905 1127 949 1192 ad
970 1127 1096 1192 literam
1123 1125 1251 1191 Olibri
1267 1127 1332 1192 duo

252 1231 516 1296 continebantur.
559 1229 662 1294 Initio
675 1229 781 1296 literae
797 1229 828 1294 0
843 1229 1028 1313 incipiebat
1053 1227 1138 1292 liber
1153 1243 1236 1294 xvi.
1279 1227 1331 1292 In·

252 1333 316 1398 itio
330 1332 435 1397 literae
453 1330 485 1410 Q
507 1330 591 1396 liber
607 1343 702 1396 xvir.
748 1331 788 1396 ln
809 1329 921 1396 medio
943 1329 1050 1395 literse
1072 1329 1107 1393 R
1120 1330 1203 1395 liber
1219 1344 1330 1393 xvur.

254 1437 330 1498 ante
354 1451 471 1498 vocem
491 1429 586 1496 rideo.
630 1430 671 1495 In
689 1431 801 1496 medio
820 1431 925 1496 literne
942 1431 966 1494 S
981 1429 1063 1494 liber
1078 1445 1163 1497 xix.
1185 1436 1262 1495 ente
1276 1447 1332 1493 vo-

255 1547 329 1598 cem
346 1533 482 1618 scirpus.
524 1533 623 1603 Liber
637 1533 777 1598 ultimus
793 1533 875 1598 dnos
894 1532 1030 1598 ultimas
1053 1532 1168 1598 literas
1188 1531 1334 1616 amplec-

211 1709 213 1714 ·
253 1635 386 1700 tebatur
400 1635 476 1701 Tet
486 1633 531 1698 V.
1329 1659 1333 1666 ·

294 1733 325 1798 E
339 1733 441 1800 variis
452 1735 650 1801 lectionibus
665 1753 740 1818 quaa
760 1734 904 1798 omnium
919 1733 1097 1799 editionum
1110 1735 1271 1817 unamines
1286 1735 1335 1798 in·

252 1838 414 1913 sederunt,
439 1836 514 1902 illas
540 1838 666 1901 tantum
692 1836 726 1899 in
749 1839 848 1900 notas
870 1834 970 1918 rejeci
993 1855 1068 1919 qun
1087 1835 1168 1900 milri
1192 1834 1335 1919 alicujus

251 1938 411 2016 momenti
425 1937 509 2001 viem
525 1940 610 2000 sunt.
653 1935 810 2018 Reliquis
828 1935 927 2000 facile
941 1943 993 2002 est
1007 1955 1129 2002 carere.
1173 1935 1335 2019 Fsgosnm

250 2039 301 2103 ita
315 2055 443 2121 semper
457 2036 647 2102 existimavi
663 2035 1015 2102 variarnmlectionnm
1026 2037 1337 2122 multiplicationem
1479 2087 1480 2102 2

249 2140 400 2204 locorum
415 2138 633 2221 corruptelam
647 2138 748 2203 citius
765 2157 897 2221 parere,
922 2157 1021 2222 qnam
1046 2154 1161 2202 eornm
1183 2137 1335 2204 emenda·

251 2238 388 2306 tionem.
431 2238 561 2313 Habes,
575 2240 694 2317 lector,
709 2238 830 2323 quibus
844 2244 878 2303 te
896 2238 963 2303 fere
978 2238 1146 2304 volebam.
1190 2237 1335 2322 Reliqua

252 2339 452 2424 omniuipse
465 2339 581 2404 melius
595 2357 784 2422 cognosces.
827 2339 884 2404 lta
907 2346 1014 2405 tumen
1039 2339 1140 2404 eelim
1163 2339 1335 2406 existimes

249 2455 305 2506 me
330 2442 391 2508 tibi
417 2441 528 2526 potius
556 2457 719 2517 exorsum,
747 2457 849 2523 qnam
878 2439 1048 2506 detextam
1071 2439 1171 2505 telam
1195 2440 1335 2510 tundere.

251 2541 365 2621 Quare
375 2561 451 2607 cnm
463 2543 499 2607 in
514 2561 638 2606 encres
653 2559 758 2619 meos,
772 2527 870 2606 nimis
884 2541 1024 2606 fortunae
1034 2541 1169 2617 multos,
1179 2541 1334 2620 incurres,

138 2709 147 2720 ,
249 2644 304 2709 lac
318 2634 505 2708 memineris
519 2662 571 2707 me
587 2662 630 2707 ea
644 2647 745 2708 aetate
760 2643 833 2708 haec
847 2637 1023 2725 scripsisse
1038 2659 1106 2725 qun
1119 2641 1223 2706 etium·
1232 2645 1335 2710 emori

250 2761 327 2810 curn
353 2745 569 2810 excusatione
594 2746 706 2829 aliqua
731 2750 852 2829 potest.
896 2743 935 2808 In
960 2743 1098 2828 reliquis
1123 2743 1152 2807 si
1175 2745 1335 2812 nonnulla

250 2851 327 2910 sunt
339 2864 414 2929 qnae
436 2845 509 2910 tolli
522 2853 713 2924 mereantur,
728 2864 873 2930 qumque
887 2852 920 2911 te
936 2845 989 2909 vel
1003 2843 1146 2909 utilitate
1162 2845 1217 2909 vei
1231 2863 1336 2912 mm·

249 2947 354 3012 nitate
369 2963 432 3009 ens
445 2944 614 3010 delectare
629 2946 769 3029 possint,
783 2946 831 3011 nil
842 2945 1001 3030 deprecor
1010 2947 1092 3029 quin
1102 2946 1167 3011 tibi
1173 2948 1335 3014 continuo

249 3051 286 3113 in
300 3047 446 3112 animum
462 3053 652 3112 succurrat:
674 3045 793 3130 Neque
815 3049 850 3112 in
872 3048 963 3111 bona
983 3053 1094 3130 segete
1113 3047 1240 3113 nullum
1259 3065 1336 3115 esse

251 3149 381 3232 spicum
391 3166 544 3232 nequam,
558 3167 663 3235 neque
676 3147 710 3214 in
725 3147 813 3222 malo
828 3163 894 3214 non
906 3147 1042 3233 aliquod
1056 3149 1193 3214 bonum.
1234 3149 1336 3216 Vale.
