2980 4888
583 403 774 454 nsisuona.
1197 393 1221 457 3

135 547 469 614 etemendatiunibus
483 546 660 614 illustravi.
702 547 1220 632 Neqnetuminielieem,siDeu

135 650 254 734 placet,
275 649 307 712 ei
322 667 454 733 operam
471 649 677 728 contulerim,
690 654 806 714 utnon
820 649 999 732 aliquando
1014 651 1047 714 in
1061 649 1219 715 maximis

134 749 385 817 difficultatibus
395 753 429 814 et
442 749 653 816 densissimis
666 751 819 828 tenebris,
833 768 908 833 qute
922 751 1050 833 nigrore
1063 769 1126 816 sue
1142 769 1217 815 snm

135 857 319 930 ueeaeeunt,
334 851 397 916 tibi
416 851 523 916 racem
537 852 747 936 praelueaam.
791 850 871 916 Hoe
895 852 925 916 si
943 850 1024 915 mibi
1039 853 1222 934 contingat,

135 954 339 1018 natamus
353 950 627 1030 suessanus,
646 959 754 1018 totum
770 951 852 1017 illud
865 952 1127 1034 flagrantissimo
1148 961 1221 1018 stn-

135 1054 191 1119 dia
205 1061 264 1118 tuu
274 1053 430 1137 juvandi,
444 1052 573 1137 tibique
587 1060 709 1118 memet
725 1051 904 1137 probandi,
918 1052 1087 1117 desiderio
1100 1061 1155 1118 est
1162 1055 1223 1120 im·

134 1152 332 1237 putandum.
363 1151 449 1218 Cum
462 1154 550 1218 enim
560 1172 670 1236 neque
685 1171 750 1217 usu
765 1153 861 1231 satis,
876 1152 1034 1218 doctrina
1043 1159 1077 1217 et
1090 1153 1221 1236 ingenio

132 1275 252 1339 parum
277 1255 416 1338 possim,
435 1274 480 1320 ex
508 1255 678 1320 desiderio
698 1255 756 1320 illo
781 1254 862 1319 mibi
891 1253 1077 1320 subsidium
1106 1255 1221 1336 petivi,

133 1356 217 1422 illud
232 1356 314 1420 mibi
328 1356 363 1420 in
375 1351 531 1421 noctevel
540 1362 612 1420 atre
621 1355 733 1421 iumen
743 1355 817 1437 suit,
827 1361 862 1420 et
871 1355 946 1420 haee
959 1355 1082 1431 omniu,
1093 1354 1222 1437 qualia·

133 1475 278 1540 cumque
304 1457 381 1535 sint,
400 1455 602 1534 doctrinam,
621 1456 799 1538 ingenium,
818 1455 1023 1531 indusium,
1038 1461 1073 1518 et
1093 1456 1222 1520 exarci-

133 1559 296 1624 tationem
317 1557 553 1640 suppeditavit.
595 1553 692 1635 Vale,
724 1555 929 1620 Danaeius
951 1555 1221 1632 Snsnutssmn,

133 1661 211 1724 etsi
227 1658 361 1740 aliquos
376 1658 430 1721 vel
456 1657 610 1722 utilitatis
630 1655 685 1722 vel
709 1656 895 1739 voluptatis
916 1656 1042 1722 fructus
1059 1674 1104 1719 ex
1125 1657 1221 1720 lucu·

132 1757 355 1826 brutiunculis
367 1758 488 1824 nestris
511 1761 729 1842 percepturus
749 1775 798 1836 es,
817 1756 896 1821 mibi
916 1754 1027 1832 crede,
1040 1773 1101 1820 eos
1116 1773 1222 1820 annes

133 1866 263 1925 tantum
284 1877 339 1921 me
353 1876 431 1924 vere
445 1858 572 1922 uixisse
585 1857 796 1934 existimabo,
811 1875 896 1941 quea
910 1857 945 1921 in
960 1855 1134 1920 laboribus
1148 1855 1222 1919 istis

135 1978 366 2025 consumsero.
409 1956 496 2025 Vale
519 1958 814 2037 diu,Dnnsn1un
838 1956 1106 2034 Snunutsstnn,
1129 1951 1222 2021 mibi·

135 2081 198 2146 que
211 2063 276 2128 tibi
289 2079 382 2128 noun
397 2061 539 2126 subinde
555 2060 688 2142 paranti
702 2059 790 2124 save.
