2980 4888
596 379 801 432 rnsrsrro.
1220 367 1244 434 9

158 525 310 608 tispiuuc
319 527 486 604 conscius,
497 524 558 590 sed
570 531 610 592 ut
621 526 796 592 ostendam
807 525 842 590 in
856 524 1050 591 unctoribus
1064 543 1243 608 recognos-

158 625 274 691 cendis
284 630 317 691 et
331 626 547 692 emendandis
557 627 663 693 mults
674 626 755 693 viris
763 626 968 692 doctissimis
979 627 1128 710 quotidie
1139 627 1242 707 crsbi,

157 747 233 811 quur
245 747 283 793 se
296 747 334 792 se
348 736 468 812 postes
481 727 562 794 viris
570 727 729 794 mediocri
742 727 874 810 ingenio
887 727 1067 812 perbibent.
1108 725 1243 796 Addam

157 835 192 893 et
205 828 288 894 iliud
302 847 447 914 quoque,
461 827 517 895 hic
532 829 656 912 secpius
670 847 693 894 a
705 829 788 894 viris
801 828 1086 912 praestantissimis
1099 836 1244 896 erratum

158 947 245 1008 esse,
257 931 337 1013 quis
355 929 475 995 nemini
487 948 634 1014 unquam
646 930 786 1014 contigit
798 949 863 996 noo
878 949 997 1008 errore,
1013 931 1046 994 et
1060 929 1168 1014 majus
1191 935 1244 996 est

157 1049 260 1115 quum
273 1035 311 1095 ut
325 1032 501 1114 convenire
515 1033 550 1096 in
564 1033 741 1098 humanum
749 1031 1106 1116 infirmitstcmpessit.
1128 1029 1243 1109 Quare

155 1131 227 1196 illis
241 1139 330 1198 certe
344 1151 465 1216 magns
476 1133 597 1219 injuris
611 1133 716 1210 tieret,
739 1134 769 1199 si
784 1153 897 1199 eorum
910 1132 1035 1216 ingenii
1047 1131 1243 1215 magnitudo

154 1231 222 1298 boc
236 1251 305 1298 nne
318 1233 430 1298 iubere
445 1235 677 1300 aestimaretur.
705 1234 822 1300 Pasce
835 1241 950 1300 eorum
965 1234 1124 1319 praestitit
1134 1230 1244 1298 Anto·

156 1333 236 1398 uiue
248 1333 461 1417 Augustinus
479 1353 556 1419 quse
578 1339 737 1420 praestare
758 1336 935 1418 potuisset.
978 1334 1020 1399 In
1032 1335 1145 1400 multis
1158 1333 1243 1399 divi-

156 1453 222 1500 uus
235 1435 394 1519 Sculiger,
415 1435 477 1500 sed
492 1435 570 1500 dum
593 1436 723 1519 ingenio
744 1455 807 1501 suo
823 1436 961 1501 nimium
975 1435 1135 1517 indulget,
1150 1455 1244 1520 serpe

153 1535 263 1600 nubes
277 1538 444 1619 caputet
457 1533 505 1600 nil
514 1534 623 1600 minus
633 1543 736 1619 cutm
746 1535 884 1602 Femum
893 1527 1138 1620 interpretetur.
1162 1535 1244 1602 Ful·

155 1635 234 1700 vius
257 1635 414 1716 Ursinus,
434 1635 573 1721 reliquis
595 1635 734 1713 felicior,
756 1636 920 1702 utiliorem
941 1654 1075 1721 operum
1095 1639 1244 1717 navavit,

156 1736 216 1802 sed
231 1737 401 1804 nicetium
417 1737 567 1814 Festum,
592 1755 658 1801 non
680 1743 749 1802 tum
771 1735 988 1816 emendatum,
1010 1757 1113 1821 qnam
1132 1757 1244 1804 muen-

155 1836 301 1908 seudum
325 1844 358 1904 ct
381 1836 552 1904 emendari
565 1837 709 1915 t'ucilern,
724 1837 869 1904 tradidit.
913 1836 1019 1921 Igitur
1038 1857 1107 1906 rem
1129 1843 1242 1906 uctttru

156 1957 209 2003 ure
222 1957 290 2004 nen
304 1947 457 2005 acturum
466 1937 657 2004 existimavi
672 1938 703 2002 si
717 1937 842 2004 similes
858 1945 998 2006 constes
1011 1959 1107 2006 meos
1120 1938 1244 2023 proter·

156 2057 235 2104 rem.
281 2039 425 2106 Multum
449 2039 492 2104 cb
513 2037 670 2104 heroibus
689 2037 757 2104 illis
778 2039 929 2123 adjutum
942 2059 994 2105 me
1008 2041 1124 2118 iuteor,
1139 2040 1244 2108 multu

156 2147 267 2207 tumen
287 2151 405 2208 coubu
423 2143 539 2207 eorum
558 2139 750 2206 sententium
768 2159 840 2205 sum
854 2140 1094 2224 interpretatus.
1137 2140 1244 2208 Scire·

156 2241 218 2310 das
232 2251 268 2308 et
280 2241 466 2327 begmentu
478 2261 501 2308 s
517 2240 640 2306 Fulvio
655 2239 780 2306 Rome
789 2241 883 2306 editu
893 2240 1067 2324 diligenter
1079 2242 1243 2320 consului,

156 2341 326 2410 literarum
337 2345 470 2422 ductus,
483 2349 592 2421 notes,
605 2349 641 2408 et
658 2341 775 2426 apices
794 2343 893 2408 susis
905 2342 1142 2426 pervestigari,
1152 2343 1243 2410 unde

156 2452 357 2516 consecutus
371 2465 445 2510 sum
458 2450 497 2510 nt
514 2451 590 2509 tuto
607 2443 816 2526 pronuntiure
837 2444 964 2528 possim
979 2445 1103 2510 nullum
1122 2445 1243 2510 bonum

157 2547 251 2614 Festi
262 2548 441 2614 editionem
454 2552 579 2625 extare,
593 2545 718 2611 nuilsm
729 2564 807 2630 quse
817 2550 967 2612 bunosts
976 2563 1042 2612 nou
1051 2547 1096 2612 sit
1104 2550 1137 2612 ct
1146 2554 1244 2630 perte

155 2652 209 2716 sui
222 2650 351 2714 mutila.
392 2648 526 2733 Meiere
546 2667 646 2732 qnam
660 2646 750 2713 cmdi
764 2647 874 2731 possit
891 2646 1009 2712 menda
1023 2647 1155 2723 sustuli,
1169 2646 1245 2714 bor-

155 2752 277 2817 reudus
290 2751 504 2837 trejectieucs
525 2749 649 2826 detexi,
671 2767 748 2832 qun
764 2749 808 2812 ab
823 2747 865 2812 iis
879 2753 967 2814 natm
981 2753 1060 2812 sunt
1072 2747 1132 2831 qui
1146 2746 1243 2814 Festi

156 2857 259 2920 verbu
272 2853 494 2940 sipbubetico,
507 2857 544 2917 ut
557 2857 689 2929 vocent,
704 2851 818 2918 ordine
833 2850 1074 2935 disposuerunt.
1118 2851 1243 2918 Festus

155 2957 254 3036 urim,
265 2962 305 3022 nt
317 2955 469 3022 sciebant
481 2953 532 3018 issi
542 2958 681 3031 veteres,
695 2954 833 3036 primurn
847 2951 974 3018 litcrnm
985 2952 1149 3020 indicasse
1164 2964 1245 3018 con·

155 3063 278 3136 teutus,
291 3057 384 3123 nulls
395 3057 572 3124 obserata
593 3055 690 3133 serie,
706 3073 811 3119 voces
830 3072 947 3118 omnes
961 3054 1004 3119 ub
1018 3054 1133 3119 endem
1144 3053 1243 3120 iitoru

155 3159 354 3242 incipientes
374 3158 408 3222 in
428 3155 567 3225 eundcm
587 3155 698 3220 locum
718 3153 869 3219 contulit.
914 3151 1127 3237 Deprehendi
1140 3153 1244 3220 etiem

156 3261 294 3326 alterum
314 3264 349 3324 et
369 3279 414 3324 ex
435 3256 552 3322 eodem
573 3257 666 3321 sonte
687 3261 801 3320 nutum
822 3273 972 3320 errorem.
1015 3253 1162 3319 Verbum
1183 3254 1242 3335 ait,

156 3362 248 3445 qnod
262 3360 355 3444 spnd
377 3359 513 3424 Festum
527 3375 620 3441 saepe
634 3357 742 3422 solum
754 3357 883 3438 iegitur,
908 3357 941 3420 in
956 3354 1095 3420 Schedis
1115 3373 1243 3438 semper

157 3461 199 3527 ud
213 3464 387 3546 superiora
399 3461 552 3544 pertinet,
567 3459 625 3523 ubi
639 3477 759 3524 nomon
775 3457 918 3522 auctoris
933 3456 976 3521 ud
991 3474 1091 3538 quem
1102 3453 1243 3520 illuderit

155 3563 371 3641 referundum,
386 3581 499 3626 verum
513 3565 630 3644 postea
643 3558 757 3624 ordine
776 3560 919 3636 turbato,
940 3559 1002 3622 viri
1023 3555 1113 3623 docti
1133 3557 1181 3620 ite
1199 3555 1243 3620 de

160 3665 277 3729 Verrio
299 3663 495 3746 simpliciter
508 3667 542 3725 et
555 3660 709 3726 obsolute
729 3660 826 3743 loqui
849 3659 988 3724 Festum
1006 3656 1185 3731 credidere,
1207 3661 1242 3720 ct

158 3765 198 3830 de
214 3764 336 3829 Verrio
356 3762 438 3828 iilud
460 3761 507 3827 cit
527 3780 656 3846 semper
676 3761 882 3846 interpretati
907 3765 993 3837 sunt,
1013 3778 1089 3825 cunr
1110 3757 1154 3820 de
1174 3755 1242 3822 elio
1277 3845 1278 3850 ἵ

157 3866 277 3950 quovis
291 3871 427 3930 auctore
441 3862 567 3948 saepius
581 3868 670 3927 esset
683 3861 942 3946 intelligendum.
985 3859 1094 3924 Mults
1106 3856 1242 3941 supple·

158 3967 201 4044 ri,
213 3964 371 4030 nonnulla
386 3963 500 4029 uddidi
513 3965 548 4027 in
562 3963 639 4028 aliis
652 3963 854 4028 editionibus
868 3960 1098 4047 prsetermissa.
1121 3957 1242 4042 Neque

156 4073 265 4132 tumen
293 4065 429 4130 Festum
451 4062 648 4146 Pompeium
672 4063 831 4147 integrum
856 4069 1017 4146 praesturc
1040 4060 1147 4125 susim
1165 4079 1241 4124 cum

157 4166 291 4234 ridesm
305 4163 459 4250 quaedum
473 4184 496 4231 u
509 4163 747 4230 Grammaticis
761 4163 855 4228 citeri
866 4182 941 4247 qum
953 4161 1008 4228 bic
1017 4161 1141 4229 trustra
1149 4179 1242 4244 qnae·
