2984 4892
293 367 338 413 nn
362 365 568 414 vennonuu
594 365 907 414 ercurntcnrrorrn
933 369 1007 416 nin.
1031 369 1086 416 ιιι.
1171 353 1236 416 415

149 503 381 589 Metonynia¹¹
402 515 454 572 eet
467 515 595 592 tropon,
608 527 684 572 curn
699 508 743 571 ub
758 527 813 584 eo,
829 508 919 590 quod
934 511 1095 586 continet,
1112 509 1234 590 [Fnsr.

191 601 392 690 significator
412 610 458 688 id,
481 611 570 694 qnod
594 610 883 689 continetu13aut
907 613 1057 692 superior
1078 610 1237 686 inferiore,

191 716 224 772 et
237 709 367 774 interior
381 714 561 794 superiore.
595 711 682 789 Qnae
701 712 859 786 continet,
875 712 965 793 qnod
980 715 1183 776 continetur:
1199 717 1236 774 ut

191 811 416 890 EuninS,cum
438 815 503 880 uit:
526 815 645 878 Africo
667 813 805 878 terribili
827 813 935 877 tremit
945 812 970 850 ¹³
993 811 1125 878 horrida
1147 821 1235 876 terra

191 915 339 977 tumultu.
372 914 427 979 Ab
449 936 503 992 eo,
516 917 609 1000 qnod
625 915 821 992 continetur,
841 915 887 992 id,
903 915 993 997 quod
1009 916 1177 980 continet:
1199 921 1236 978 nt

192 1031 266 1078 cern
292 1016 411 1081 dicitur
429 1025 532 1102 epota
551 1017 710 1100 amphora
729 1016 806 1080 viui
857 1014 1071 1099 Asnperiorc
1086 1015 1235 1080 inferior:

191 1122 229 1179 nt
250 1116 395 1181 Errnins:
418 1139 494 1182 curn
510 1139 627 1200 magno
644 1116 783 1199 strepitu
800 1116 987 1181 Volcanum
1003 1125 1124 1186 ventus
1138 1136 1235 1199 vege-

190 1223 250 1280 rat.
292 1217 347 1282 Ab
369 1219 520 1284 inferiore
539 1220 709 1302 superior:
730 1223 777 1295 ut,
799 1219 966 1301 persuasit
991 1219 1102 1282 animo
1125 1218 1236 1283 vinum

193 1317 297 1395 Dens,
312 1323 370 1403 qni
385 1321 490 1385 multo
504 1329 555 1386 est
570 1322 746 1384 maximus.

149 1417 279 1484 Metus¹
301 1423 474 1486 soeminino
494 1441 613 1503 genere
630 1421 797 1485 dicebant.
842 1420 993 1484 Ennius:
1015 1418 1077 1482 Vi·
1098 1419 1234 1501 [Petit.

189 1539 276 1599 vam,
291 1541 333 1586 nn
348 1525 479 1598 moriar,
494 1525 585 1587 nulla
601 1525 634 1586 in
649 1543 701 1587 me
716 1527 768 1586 est
781 1527 898 1586 metus.

150 1619 476 1689 Mrenrnnmensae
491 1623 573 1710 qnod
582 1622 698 1711 legibue
707 1623 770 1707 ejus
781 1645 869 1686 sacra
879 1621 1097 1709 erretDer'rqne
1109 1623 1233 1706 [Fnsr.

599 1817 778 1839 mm

182 1934 212 1978 18
228 1931 299 1981 vett.
309 1931 370 1981 libb.
381 1933 471 1982 tremis.

638 2089 745 2142 NOTAE

147 2235 275 2284 Crecitlnra
286 2234 407 2286 familiam
419 2251 466 2301 pro
477 2237 579 2287 cecilie
591 2243 669 2301 gente
707 2235 791 2300 plora,
801 2233 834 2283 ab
846 2249 877 2284 eo
888 2233 956 2299 quod
975 2235 1131 2297 continetur,
1141 2235 1236 2286 inteili-

144 2311 213 2360 dixit
231 2312 331 2369 Fertor,
347 2327 404 2377 qun
423 2313 588 2364 Metellarum
609 2327 669 2377 cop·
709 2312 778 2372 gitur
800 2311 836 2368 id,
857 2311 924 2374 quod
951 2313 1077 2368 continet,
1105 2321 1133 2360 ιιι
1156 2313 1237 2362 trudit

145 2395 266 2436 nomento
276 2389 433 2452 potierirnnrn
445 2391 524 2439 clara.
541 2390 604 2439 Dae.
710 2388 820 2436 Fertur:
838 2387 883 2436 red
896 2394 987 2437 contre
998 2388 1030 2436 ab
1045 2401 1076 2436 eo
1095 2387 1162 2452 qnod
1176 2403 1236 2438 con-

177 2460 362 2529 *mellay-eta]
379 2465 608 2527 Legeitererrnru
619 2466 669 2514 Ea·
709 2466 786 2522 tinet,
798 2461 824 2511 ld
840 2462 908 2526 quod
921 2464 1075 2512 continetur.
1110 2463 1177 2510 Nam
1190 2478 1237 2526 per

145 2536 190 2596 nii,
216 2538 275 2586 Cen
301 2554 386 2600 ιιιιιμο
412 2542 512 2602 etrepr'trr
542 2541 670 2590 Volcaniae
708 2539 868 2602 anaphoram,
879 2538 974 2598 riuum,
990 2539 1055 2602 qnod
1069 2539 1093 2586 in
1106 2539 1237 2600 amphora,

144 2611 224 2660 emtn'
231 2613 335 2674 regebat.
345 2615 378 2664 Et
386 2615 455 2663 illurn
465 2631 471 2662 r
481 2616 603 2665 Persuasit
613 2631 669 2675 nox,
709 2621 738 2662 ut
747 2628 793 2676 per
803 2611 919 2662 Africum
930 2615 1109 2677 intelliguntur
1116 2614 1239 2677 beminen,

144 2687 235 2749 uren,
254 2689 328 2745 Dm,
346 2690 386 2753 qni
404 2692 476 2739 rnnlto
492 2696 529 2739 ert
544 2691 669 2740 ιιιιιείιιιιιι.
709 2691 752 2753 qui
767 2691 793 2738 ia
805 2687 903 2738 Africa.
936 2689 1005 2739 Audi
1026 2689 1177 2746 Quintilian.
1192 2690 1236 2738 tib.

144 2763 192 2812 Cat
204 2763 473 2816 rimile'i'erentianum
483 2765 667 2828 exAdelpbier
709 2777 773 2814 vnn.
785 2777 842 2826 cap.
853 2767 877 2812 ti.
893 2763 986 2812 ‘Sicut
999 2779 1030 2812 er
1046 2777 1076 2812 eo
1093 2764 1162 2828 qrrod
1175 2777 1236 2812 con·

142 2839 293 2890 ‘Peruenit
306 2841 668 2905 nox,nrnar,viuuur,ndoler·
710 2839 785 2902 tinet,
803 2839 828 2887 id
849 2839 916 2903 quad
935 2840 1082 2890 continetur
1096 2853 1155 2888 ιιιιιι
1173 2840 1237 2889 reci·
1305 2885 1307 2892 .

144 2914 245 2963 centia:
255 2915 399 2966 Humanam
409 2915 469 2966 ert!
478 2917 512 2964 Et
521 2917 668 2980 Propertii:
710 2915 748 2977 pit
759 2930 766 2962 r
785 2922 814 2963 ut
825 2914 891 2963 bene
901 2923 1012 2963 moratae
1024 2914 1109 2974 urben,
1119 2920 1145 2961 et
1158 2928 1236 2975 poen-

142 2989 220 3040 ‘an
239 2989 326 3052 Amor,
340 2992 387 3041 bac
406 2991 493 3051 Liber,
510 2991 589 3040 durus
600 2999 669 3041 nter·
708 2990 761 3037 lum
771 2995 886 3051 epotum,
896 2985 1151 3037 eteoecnlurnfceiix.'
1170 2988 1238 3036 Con·

145 3077 196 3126 qrre
215 3065 303 3116 Deru!
335 3067 448 3129 Vegere,
470 3081 517 3130 pro
538 3074 668 3131 vegetere.
708 3070 809 3113 teutnur
832 3070 918 3112 antem
947 3077 994 3126 pro
1022 3062 1180 3122 continente,
1209 3070 1238 3111 nt

143 3137 213 3188 vice
226 3140 345 3190 Nonium.
361 3143 414 3192 dor.
426 3143 492 3192 Seal.
708 3139 776 3202 apud
796 3140 868 3201 virg.
885 3138 973 3186 ‘Vino
993 3135 1135 3186 coronant.'
1167 3136 1238 3187 Vina

179 3214 336 3280 Metoeyreia]
365 3215 502 3277 nampio
523 3231 539 3264 a
560 3215 621 3276 pat
641 3224 668 3266 et
710 3228 757 3277 pro
772 3217 877 3277 paterio.
909 3213 950 3262 ‘A
966 3213 1098 3276 reperiere
1111 3211 1237 3274 inferior,'

144 3289 226 3350 ὄνομα.
259 3289 302 3340 An
320 3291 426 3340 uerbera
445 3299 521 3341 nouat
538 3295 668 3340 ‘troarno-
708 3303 767 3339 enm
788 3303 866 3338 cerina
888 3290 993 3352 ponitur
1015 3301 1062 3350 pro
1084 3285 1189 3344 effectu,
1209 3296 1238 3337 ut

141 3364 220 3428 men,'
236 3364 482 3417 ‘transnominatio'
509 3368 669 3431 Fignrr,qae
709 3366 841 3415 Vulcanus
850 3379 896 3428 pro
906 3367 973 3427 igne.
998 3364 1065 3416 Ean.
1077 3363 1158 3413 ‘Corn
1167 3378 1237 3427 meg-

142 3441 279 3489 continenr
298 3442 402 3504 ponitur
424 3456 470 3504 pro
486 3447 619 3503 contento,
640 3449 667 3491 et
709 3456 742 3492 no
763 3443 874 3506 strepitu
886 3442 1030 3490 Volcanum
1052 3448 1144 3500 ventur
1161 3454 1237 3504 rege·

143 3523 294 3565 contentum
319 3530 365 3580 pro
388 3518 548 3567 continente.
581 3517 667 3567 conrt-
707 3518 767 3567 ret!
800 3520 871 3581 bego
886 3518 991 3577 vehebat,
1008 3516 1057 3578 rel,
1074 3524 1102 3565 ut
1112 3517 1237 3578 Scaliger,

144 3603 209 3638 neae
225 3604 272 3653 pro
288 3598 410 3641 contento
427 3593 539 3642 Eunias:
561 3591 668 3642 ‘Africa
706 3593 814 3655 vegebat,
826 3594 842 3642 i.
855 3592 988 3656 erigebat:
1007 3600 1034 3642 et
1054 3592 1237 3642 ‘abinseriore

143 3664 255 3714 terribili
270 3667 355 3715 tremit
372 3666 475 3716 horrida
491 3676 562 3718 terre
576 3669 667 3720 tumul·
709 3665 843 3730 superior:
861 3682 919 3717 curn
931 3666 1039 3717 effectur
1052 3682 1099 3731 pro
1110 3682 1197 3724 caure,
1208 3673 1238 3715 ut

142 3737 191 3786 tn?
213 3739 442 3804 Afrieaprolsrin
467 3743 669 3793 Cicereinora-
709 3756 781 3790 amor
793 3750 820 3790 et
831 3743 915 3792 vinum
932 3758 979 3806 pro
990 3743 1116 3806 Cupidine
1131 3749 1158 3789 et
1170 3742 1237 3790 Bac·

144 3821 217 3864 tore:
245 3815 404 3865 ‘Harudum
422 3815 540 3866 Africam
561 3817 670 3868 terribili
709 3815 769 3864 ebo.
785 3818 847 3865 Dae.

143 3895 258 3939 tremere
270 3892 381 3940 tumultu
393 3899 450 3940 cuin
462 3891 672 3954 dieit’OEnniur)
740 3889 747 3924 ¹
765 3890 859 3955 Meton]
877 3892 992 3940 Enninr:
1012 3891 1063 3941 ‘Ni
1079 3897 1164 3940 metue
1184 3893 1237 3942 ulle

142 3971 210 4028 ‘pro
232 3963 302 4013 Afri·
324 3965 443 4014 immutat
465 3965 600 4014 Africam!
638 3966 670 4016 ln
711 3969 1118 4032 tenetrtrevtrrnteqnierennr!
1135 3970 1210 4019 idem.

141 4041 309 4106 rettqeteniri
321 4042 392 4091 loono
403 4042 671 4105 deprevatnroitme·
743 4051 761 4078 ¹¹
777 4045 887 4106 Migrare
898 4045 990 4108 meam]
1008 4045 1094 4094 ιοιιιι
1111 4047 1236 4096 obrcnrur

139 4116 196 4167 rito
206 4117 274 4167 reru
280 4116 407 4182 judiciam
418 4117 584 4167 deriderabir.
618 4117 671 4167 Ne·
710 4119 877 4183 interpretem
890 4121 1029 4170 derideret.
1045 4120 1106 4170 Ant.
1118 4123 1182 4183 Are.

142 4207 195 4257 qne
206 4194 276 4244 enlm
293 4206 352 4242 cum
371 4193 467 4244 dicitnr
483 4194 612 4256 maciei
622 4209 671 4242 errr-
741 4195 864 4260 Migrare]
880 4195 990 4258 Migrare
1007 4210 1095 4253 ιιιιιιιιι,
1111 4198 1178 4261 qued
1196 4214 1236 4254 ιιι-
