2980 4888
270 365 293 431 2
717 373 907 426 rvrsrona.

271 538 350 587 vera
370 518 472 584 totius
493 514 691 600 eloquentiae
715 516 930 582 fundamenta
953 515 1021 582 diei
1044 517 1184 601 possint,
1201 517 1279 600 plus
1300 523 1350 579 tn-

270 641 345 688 men
364 620 466 688 babet
490 618 525 682 iu
545 635 690 695 recessu,
708 627 808 702 qnam
822 620 857 684 in
875 617 979 684 fronte
993 617 1165 702 promittit.
1210 616 1299 685 Nam
1321 615 1351 679 si

269 720 519 807 perdiscendum
531 718 591 804 jus
615 719 733 801 civile3
756 721 786 789 si
808 719 1046 804 cognoscendae
1063 719 1172 802 leges3
1195 719 1226 782 si
1244 717 1352 801 perci·

155 903 156 908 ¹
268 821 394 907 pianda
414 821 521 885 omnis
543 819 733 903 antiquitas,
756 823 921 886 senatoria
944 820 1160 897 consuetudo,
1175 817 1352 901 disciplina

270 922 495 1007 Reipublicae,
515 923 594 1008 jura
617 920 799 994 sociorum,
823 921 964 1000 ioedera,
989 922 1179 1005 pactiones;
1201 919 1348 982 sicausa

269 1023 403 1107 imperii
426 1021 670 1106 cognoscenda,
696 1040 812 1087 eornm
835 1023 980 1087 omnium
1004 1022 1113 1086 fontes
1136 1020 1197 1085 tibi
1219 1017 1347 1084 Noster

268 1124 406 1209 aperiet.
449 1125 513 1190 Ille
538 1123 602 1188 tibi
616 1122 793 1187 duodecim
818 1122 951 1187 tabulas
973 1121 1168 1205 explicabit,
1186 1121 1272 1185 unde
1292 1121 1351 1205 jus

269 1243 445 1291 commune
466 1221 652 1288 Galliarum
665 1240 830 1301 manasse,
848 1222 991 1307 jamdiu
1016 1228 1068 1288 est
1092 1242 1169 1287 cum
1184 1241 1228 1287 ex
1242 1221 1352 1286 lusti-

268 1326 360 1392 uiani
386 1323 599 1409 Imperatoris
623 1329 657 1388 et
689 1324 905 1406 promulgatis
934 1331 968 1388 et
996 1323 1193 1406 compositis
1220 1322 1351 1404 legibus

266 1425 466 1511 cognovisti.
511 1423 573 1488 lile
597 1423 658 1488 tibi
680 1431 774 1488 eruet
797 1424 979 1488 veneranda
998 1424 1085 1506 juris
1099 1421 1269 1486 Pontifioii
1284 1419 1354 1485 Ro·
1485 1431 1486 1434 ’

268 1546 452 1604 manorum,
465 1524 633 1590 ritualium
657 1524 827 1603 librorum,
841 1525 1068 1590 commentarii
1088 1541 1257 1590 sacrorum
1282 1540 1354 1587 mo-

268 1635 452 1693 numentor
479 1627 572 1709 leges
597 1611 732 1708 ¹Regias
761 1627 1039 1710 interpretabitur,
1067 1624 1217 1699 Romuli,
1245 1622 1348 1696 Tatii,

268 1727 403 1805 Nune,
419 1725 526 1792 Servii
539 1725 643 1790 Tullii
658 1724 864 1807 :Augurales
878 1727 982 1792 libros
1000 1727 1143 1792 evolvet:
1166 1723 1337 1807 auspicio·

266 1845 340 1892 rum
354 1827 562 1892 cenmomns
576 1825 763 1902 illustrabit,
788 1825 915 1891 foedera
927 1832 960 1892 et
974 1827 1116 1892 Saliariu
1130 1826 1278 1891 carmina
1292 1825 1352 1890 vix

268 1927 502 1993 sacerdotibus
531 1925 603 1990 suis
633 1925 715 1990 satis
742 1925 964 2006 intelligenda.
1007 1926 1071 1992 Ille
1099 1933 1132 1992 to
1156 1926 1351 1990 Senatorum

266 2029 531 2113 reliquorumque
561 2026 814 2110 Magistratuum
843 2027 1125 2104 consuetudinem,
1152 2027 1285 2102 ducum,
1315 2033 1353 2089 et

266 2130 497 2213 imperatorum
516 2126 612 2204 ritus,
636 2145 760 2192 monna
782 2127 914 2210 imperii
936 2134 970 2193 et
989 2128 1117 2193 militiae
1139 2126 1352 2218 disciplinam

267 2227 413 2294 docebit.
456 2228 498 2292 In
513 2227 556 2292 iis
571 2226 725 2309 qnaedam
743 2226 916 2310 interjecta
934 2227 1051 2306 fateor,
1068 2228 1270 2292 Dnnrrrrrrn
1285 2227 1352 2290 Sn-

268 2343 487 2406 rrnnrssrrrn,
502 2343 579 2410 quae
603 2332 637 2390 te
651 2326 711 2392 vix
733 2325 834 2408 digna
848 2327 990 2392 lemare
1011 2328 1193 2403 videantur,
1208 2344 1350 2409 pracser-

266 2429 326 2494 tim
345 2448 388 2494 en
401 2433 499 2494 rotate
511 2445 579 2511 qna
591 2445 677 2492 nunc
691 2445 738 2504 es,
753 2445 887 2510 quaque
903 2427 976 2511 jam
989 2429 1033 2492 ab
1049 2427 1271 2492 invictissimo
1287 2433 1346 2492 tuo

264 2537 403 2612 parente
415 2529 450 2594 in
463 2527 592 2612 imperii
606 2535 734 2611 purtem
755 2529 892 2616 ascitus,
905 2527 1183 2611 consiliorumque
1198 2528 1347 2592 omniurn

264 2631 433 2714 particeps
450 2629 572 2706 sactus,
585 2628 668 2711 nihil
689 2629 781 2694 aliud
805 2629 866 2694 tibi
888 2629 1050 2711 agendum
1074 2628 1233 2712 proponis
1248 2646 1350 2710 quam
1485 2635 1486 2638 ’

264 2736 303 2795 ut
316 2730 391 2813 ejus
402 2729 551 2795 divinam
568 2727 789 2812 eloquentiam
803 2729 954 2807 imitatio,
969 2729 1056 2793 sicut
1068 2728 1142 2813 ejus
1160 2747 1215 2792 res
1235 2733 1346 2810 gestas

264 2827 344 2892 olim
364 2828 554 2907 imitaberis,
569 2846 648 2892 curn
667 2827 769 2894 iactis
785 2828 852 2893 tuis
874 2847 974 2911 super
996 2847 1111 2892 omnes
1131 2829 1266 2892 omniuo
1286 2827 1350 2892 im·

263 2934 433 3012 penatores
446 2933 513 2993 tete
525 2946 717 3011 compones.
760 2927 886 2992 Verum
901 2936 936 2992 et
948 2927 1009 2993 illa
1032 2928 1109 3010 ipsa
1131 2947 1197 2992 non
1212 2928 1346 3009 ingenia

262 3027 417 3112 puerilia,
428 3027 488 3093 sed
500 3027 698 3093 altissimam
712 3047 867 3094 exercere
883 3027 1099 3092 eruditionem
1119 3046 1160 3092 ac
1175 3027 1348 3092 scientiam

262 3133 414 3210 poaeunr.
456 3127 684 3206 Praetereunt
698 3128 798 3194 Fabii
813 3128 925 3194 verbis
940 3135 1027 3206 utar,
1046 3126 1350 3194 Grammaticorum
1394 3155 1400 3165 ·

262 3225 332 3290 illan
358 3233 447 3293 artas
471 3245 538 3292 uon
560 3228 696 3292 obstant
709 3247 767 3310 per
781 3247 841 3294 eas
856 3227 1023 3306 euntibus,
1044 3227 1104 3292 sed
1118 3227 1209 3292 iniis
1223 3227 1349 3292 brenen·

262 3327 362 3394 tibus.
405 3327 524 3412 Neque
546 3327 633 3394 euim
656 3327 731 3392 Gali
757 3328 903 3394 Caesaris
916 3327 1185 3411 prestantissimi
1206 3327 1349 3411 imperu-

262 3427 344 3490 toris
357 3425 546 3508 (lignitatem
559 3427 755 3506 minuerunt,
774 3427 828 3493 vol
847 3429 913 3493 vim
926 3428 1092 3512 fregerunt
1110 3427 1191 3491 edib‘
1205 3426 1247 3491 de
1269 3445 1347 3492 anu·

261 3525 353 3607 logia
371 3525 457 3590 libri.
499 3523 593 3590 Viris
616 3527 830 3610 principibus,
855 3545 921 3592 non
945 3529 1075 3592 minora
1094 3526 1266 3604 didicisse,
1285 3527 1346 3592 sod

261 3624 392 3708 majora
413 3624 617 3707 neglexisse,
641 3624 801 3708 flagitium
824 3633 889 3690 est.
931 3625 984 3690 Tu
1007 3627 1118 3708 igitur,
1142 3626 1346 3690 Dnnnnrsr

263 3723 531 3804 Suansrrsrrrs,
546 3725 604 3809 qui
625 3727 792 3794 maximas
811 3727 924 3791 animo
947 3725 1146 3809 disciplinas
1168 3727 1348 3809 amplexus

262 3843 311 3900 es,
325 3843 366 3890 ne
380 3843 481 3908 quarn
494 3824 624 3891 laudem
637 3825 690 3892 vel
700 3824 891 3896 Caesaribus
903 3824 988 3908 ipsis
1003 3825 1176 3908 reliquisse
1187 3825 1347 3903 videaris,

261 3929 354 3988 utere
370 3923 471 3990 Festo
486 3924 665 4008 Pompelo,
678 3945 749 4004 seu,
764 3931 804 3989 nt
818 3925 929 3991 verius
943 3924 1065 4003 dicam,
1075 3922 1192 3990 Verrio
1207 3923 1348 3990 Flacco.

264 4021 364 4087 lllunr
372 4024 451 4089 olim
465 4022 638 4108 Augustus
655 4025 837 4108 nepotibus
851 4025 924 4088 suis
939 4031 1179 4108 preceptorem
1190 4024 1304 4106 elegit,
1313 4033 1349 4089 et

265 4121 355 4190 illum
370 4124 467 4190 hodie
482 4125 723 4211 sapientissimi
733 4124 874 4192 Lndoioi
888 4123 1004 4209 Magni
1022 4124 1121 4212 jussu
1135 4125 1198 4192 tibi
1212 4132 1247 4190 et
1259 4126 1348 4192 notis
