2980 4888
583 391 674 454 ΟΜ
691 391 857 441 ΒΧἜΑΝΨ.
1216 379 1260 444 25

222 531 389 598 Hclcnius
401 531 515 599 Acron
525 534 677 600 Verrium
692 536 775 601 (licii
788 555 905 616 errare,
916 536 973 622 qui
982 543 1076 620 putat
1088 538 1155 603 hus¹
1163 543 1261 607 nubo

178 631 245 698 clici
258 631 407 699 debers!

220 733 367 802 Auriana
391 737 464 802 loca
484 734 594 802 Varro
619 737 710 803 dicia
732 738 789 814 aii,
812 757 853 802 cc
874 738 967 820 quod
988 739 1097 805 salum
1118 753 1264 807 amoram

178 842 350 919 prusiani,
377 843 411 902 sl
437 838 480 902 ad
507 858 544 903 sc
572 839 715 904 amanda
744 839 907 904 alliciant..
942 838 1081 906 Verrius
1108 840 1263 920 Flaccus,

178 936 269 1019 quod
284 938 359 1002 sinc
376 957 518 1004 munaus·
537 941 615 1016 siut,
640 959 701 1005 nuc
723 941 905 1024 quicquam
923 941 976 1006 lais
996 940 1141 1007 officiat:
1163 943 1264 1027 qussi

179 1039 325 1116 amunia,
334 1038 398 1104 huc
413 1047 475 1117 cst,
484 1041 557 1104 sinc
569 1041 689 1118 fructa,
697 1040 787 1105 unda
800 1041 909 1106 nullus
921 1040 1049 1106 lrnctus
1062 1043 1264 1110 exsolvitur:

179 1137 258 1202 iuda
273 1140 375 1204 stium
389 1141 469 1206 nihil
483 1146 696 1225 praeslautcs,
710 1142 872 1208 immuucs
887 1150 1075 1208 vocantur.⁸

226 1237 260 1302 N
262 1258 304 1304 cu
321 1249 423 1324 nagal
436 1240 575 1307 Verrius
593 1242 736 1307 Flaccus
759 1241 838 1307 Kal.
856 1242 938 1328 Apr.
962 1248 1083 1326 postca
1100 1243 1265 1310 constitua

180 1349 265 1418 lum,
278 1345 317 1404 ul
330 1348 486 1409 mutruuae
500 1343 627 1408 Vaucri'
639 1362 769 1408 sacram
784 1342 953 1409 lacerent-'¹

225 1441 389 1508 Nonnulli
412 1445 510 1510 ctiam
529 1464 574 1508 cx
590 1445 777 1528 participiis
798 1452 1001 1528 putauerunt
1021 1447 1103 1511 talia
1118 1446 1266 1530 figurari:

181 1547 221 1606 ut
233 1540 378 1609 Vcrrius
393 1545 547 1623 Flaccus,
563 1546 621 1630 qni
636 1546 680 1610 ab
693 1563 746 1622 sn,
761 1546 852 1629 quud
863 1552 915 1611 cst
928 1547 1069 1625 auricus,
1081 1545 1259 1612 uariantur.¹

226 1641 370 1710 Cumara
378 1645 541 1724 dicuutur,
550 1654 589 1712 ut
598 1645 737 1712 Verrius
746 1646 889 1712 Flaccus
897 1647 1047 1725 affirmat,
1057 1666 1125 1712 nou
1136 1667 1270 1714 camara

181 1763 243 1828 per
257 1745 298 1809 Ε.
339 1746 408 1812 Sed
424 1749 613 1826 Lucretius,
627 1767 810 1833 cumamque
822 1746 946 1812 cunriuir
958 1746 1154 1826 ructatibus,
1169 1749 1269 1814 etiarn

184 1873 339 1918 mmerum
351 1855 419 1921 dici
434 1875 537 1940 possa
550 1853 718 1922 usualia}

228 1956 390 2022 incohavi
415 1959 458 2022 ab
479 1958 600 2022 iaccho
622 1957 799 2022 dicandum
817 1962 914 2041 putul
936 1955 1049 2022 Julius
1068 1955 1271 2022 Mudcstust'

185 2059 267 2142 quia
283 2058 334 2122 sil
343 2059 564 2142 compositum
580 2077 601 2123 ιι
617 2057 702 2122 calo
716 2056 811 2122 initio
819 2075 939 2135 rerum,
951 2056 1044 2140 quud
1054 2055 1194 2121 Verrius
1209 2055 1272 2138 (ct)

187 2158 333 2222 Flaccus
347 2159 382 2230 in
396 2163 562 2241 postrema
576 2158 705 2241 syllaba
718 2158 935 2241 aspirandum
948 2157 1183 2240 probaverunt.
1204 2154 1274 2221 Cu·

185 2259 265 2324 ham
280 2260 367 2324 cuim
381 2259 475 2342 apud
488 2256 633 2324 Veteres
648 2256 804 2323 mundum
819 2255 1006 2341 siguil'rcat.¹

222 2357 355 2424 Cluncs
368 2358 508 2425 Verrius
532 2360 675 2425 Flaccus
699 2359 884 2425 masculino
907 2377 1026 2441 gaucrc
1048 2358 1117 2424 dici
1140 2360 1274 2442 probat,

188 2463 346 2546 quoniam
358 2463 393 2526 in
402 2461 447 2526 IS
458 2461 591 2545 syllaba
601 2459 897 2525 terminataurnnia
910 2459 1059 2524 carentia
1067 2459 1275 2523 nominativo

189 2563 348 2643 ungulum
363 2561 549 2628 masculina
560 2567 639 2626 sunl
649 2579 659 2626 r
669 2568 709 2625 ut
722 2559 832 2643 panis,
844 2560 939 2637 cinis,
948 2558 1063 2635 crinis,
1076 2557 1275 2622 ctsimilia.⁰

233 2663 412 2746 Diligculc.
447 2662 583 2728 Verrius
602 2659 756 2738 Flaccus,
768 2659 878 2744 iuquit
891 2659 1033 2735 Plinius,
1046 2676 1161 2724 acrum
1173 2659 1277 2724 nouri-

189 2783 282 2843 num,
293 2783 372 2848 quar
384 2764 445 2828 NS
458 2763 623 2841 linuntur,
635 2780 716 2826 casu
729 2760 942 2838 nominativo,
950 2758 1120 2824 ablsu'vus
1132 2760 1168 2823 in
1182 2757 1213 2822 Ε
1226 2758 1276 2822 ‹li-

190 2865 346 2947 rigandus
359 2872 440 2930 osa*

235 2965 355 3031 Diilcrt
373 2965 529 3050 inligatus
554 2985 576 3030 a
595 2965 699 3041 icssc,
711 2967 750 3026 ut
761 2960 898 3027 Verrius
911 2960 975 3039 aii,
995 2961 1085 3045 quud
1106 2959 1279 3041 fatigatus,

194 3081 271 3133 cunr
284 3069 359 3150 quis
370 3085 434 3151 pur
447 3068 549 3132 alium
563 3067 712 3132 laborare
728 3061 954 3146 compellitur:
977 3061 1088 3124 lassus
1098 3075 1188 3128 vcro,
1202 3076 1279 3123 cum

194 3170 272 3253 quis
283 3168 401 3234 labora
415 3168 537 3247 dcficil,
551 3173 590 3232 ut
602 3169 736 3231 lassus.⁰

237 3267 273 3334 N
274 3287 315 3333 cc
329 3268 413 3334 huuc
425 3269 536 3334 sulum
548 3265 695 3332 Romani
709 3261 915 3327 meretricem
930 3261 1053 3338 colunt,
1067 3259 1128 3325 scd
1140 3259 1281 3326 Fauiam

194 3383 343 3452 qunque,
356 3387 457 3454 quam
473 3369 633 3434 Herculis
647 3371 793 3432 scortum
805 3363 914 3428 inissa
928 3362 1068 3428 Vcrrius
1083 3362 1226 3426 scribitu

238 3469 380 3535 Verrius
395 3471 540 3537 Flaccus
555 3471 603 3536 sic
618 3467 790 3534 disu'nxit:
811 3465 945 3530 modica
959 3481 1036 3530 cssc
1055 3462 1163 3540 labra,
1188 3461 1280 3528 labia

197 3571 388 3649 immodica,
402 3578 437 3636 at
449 3573 527 3639 iude
542 3571 734 3636 Labiuucs²
755 3566 847 3631 dici.q

230 3719 246 3770 l
263 3719 317 3771 Alii
327 3720 457 3772 huosa.

231 3879 242 3912 ¹
256 3881 296 3930 lix
307 3879 367 3931 cod.
377 3879 422 3932 lib.

231 3965 243 4000 Ι
261 3955 604 4020 salcis.1llr.xrr.cap.s.
617 3962 695 4021 ciyur.
794 3957 807 3984 ¹
822 3951 863 4000 lix
874 3948 931 4000 ccl.
943 3947 988 3997 lib.

231 4030 431 4082 *naucerus
441 4032 487 4083 lib.
499 4047 519 4082 ι.
528 4032 632 4084 Ειιιιηι.
765 4023 768 4034 '
795 4034 808 4060 ⁰
824 4017 1085 4074 ΕιῦἱοωθᾶοΙΙδιῐ·

232 4105 406 4160 melan..
416 4105 461 4157 lib.
471 4119 503 4157 rr.
796 4097 1005 4151 ranunculis.
1017 4110 1036 4146 r.
1048 4098 1158 4161 capas.

234 4181 247 4214 ¹
262 4181 302 4230 lix
314 4179 372 4232 eol.
382 4180 428 4232 lib.
440 4193 460 4233 r.
797 4187 810 4222 a
828 4177 867 4228 Ex
878 4173 977 4228 charia.
986 4170 1029 4224 lib.
1039 4184 1058 4223 r.

235 4254 244 4290 ¹
257 4255 297 4305 lix
307 4251 395 4307 illurn.
405 4253 450 4306 ul.
462 4268 481 4306 ι.
492 4254 620 4321 probarit.
