3000 4890
254 381 321 451 mu
587 393 699 442 snxrr
725 393 879 454 roururr
905 393 1007 441 resur

297 538 517 614 tamdictum,
540 555 650 620 neque
673 556 717 600 ex
738 535 968 600 misericordia
992 541 1157 612 moestum,
1172 554 1278 617 neque
1298 556 1338 598 ex

299 639 495 706 crudelitate
509 657 647 715 surum,
664 639 723 704 sed
738 639 904 704 modestia
919 645 1145 721 temperatum.
1209 636 1343 719 [Puuu.

256 741 437 818 llluuture,q
454 759 547 822 saepe
558 759 699 806 munere.
729 738 891 806 Caecilius
906 741 939 802 in
950 739 1112 824 epistole:
1127 737 1205 804 Jam
1220 737 1343 822 [Fusr.

299 862 358 908 ure
377 842 461 908 adeo
475 849 598 908 munte.
650 840 727 906 Jam
754 841 820 906 hoc
836 840 913 906 vide
934 841 1260 906 caecus...unimum
1291 841 1346 904 nd·

299 953 419 1008 ventus
435 941 551 1026 angit.⁶

259 1045 514 1112 Menticulnrin¹
529 1045 682 1112 dicuntur
699 1065 753 1122 eu,
773 1064 849 1128 quae
866 1043 1056 1126 frequenter
1070 1041 1103 1104 in
1117 1061 1181 1106 usu
1210 1041 1346 1126 [Pnuu.

301 1147 469 1224 habentur,
485 1154 519 1210 et
535 1149 633 1230 quasi
650 1166 748 1214 uranu
764 1155 967 1212 tractantur:
990 1145 1148 1227 frequens
1160 1143 1251 1207 enim
1265 1139 1349 1204 unti-

301 1249 377 1332 quis
392 1248 435 1312 nd
451 1268 565 1314 manus
578 1250 752 1331 tergendus
765 1267 847 1314 usus
858 1249 923 1314 init
933 1247 1170 1323 mantiliorunr,
1182 1245 1268 1310 unde
1279 1243 1349 1307 her

302 1351 441 1414 trahitur
456 1351 650 1416 similitudo.

264 1452 540 1518 Manticulurum¹
563 1473 646 1518 usus
663 1452 869 1537 pauperibus
884 1453 917 1514 in
933 1450 1074 1514 nummis
1089 1467 1206 1512 recen
1228 1447 1353 1530 [Fusr.

715 1643 896 1665 OOMOM!0

293 1779 309 1822 d
325 1774 413 1824 Verbu
424 1775 523 1824 Cerilli
542 1777 580 1826 ite
601 1775 708 1840 legende
728 1782 816 1825 monet
830 1776 898 1826 Scul.
915 1775 973 1824 dunt
990 1775 1114 1826 oirudeur
1130 1779 1214 1824 urente
1228 1772 1301 1835 ient:
1317 1771 1356 1819 ier

263 1841 316 1888 uide
330 1839 362 1888 Ut
372 1854 447 1889 corut
457 1841 561 1890 unimuru
571 1842 683 1890 detritu
694 1843 770 1904 ungit.

760 2004 866 2056 NOTAE

303 2121 315 2152 u
339 2113 463 2176 Mantua]
497 2116 789 2168 Plaur.Poennl.1.2.
831 2113 1001 2176 tumudjeeit.
1035 2112 1101 2161 Nutu
1113 2108 1359 2159 muntilihuuexter·

263 2187 347 2239 ⁴trntr
359 2189 435 2236 lrerun
447 2204 492 2239 nor
503 2191 569 2254 upud
586 2193 668 2243 edent
680 2193 789 2244 Venerin
831 2199 924 2257 grutur
940 2203 1038 2245 menne,
1051 2203 1108 2252 qun
1128 2185 1276 2250 antiquitus
1294 2184 1360 2233 dice·

263 2264 381 2314 rnuntnt.¹
415 2267 450 2316 Et
469 2268 531 2316 ulilri
552 2283 631 2332 nepe.
663 2270 788 2320 Schedae:
831 2267 926 2316 bantur
944 2263 1091 2313 Monticuiae.
1125 2261 1203 2310 Unde
1216 2259 1360 2308 Mandata·

263 2342 271 2367 ‘
277 2339 333 2402 jum
346 2354 377 2387 ne
389 2340 464 2402 udeo,
476 2343 582 2406 muutu‚’
593 2347 640 2394 &u
658 2345 732 2396 iden.
831 2346 869 2394 rio
881 2355 1049 2407 quecumque
1066 2346 1141 2389 erunt
1150 2339 1184 2387 ud
1196 2352 1314 2399 menum,
1323 2334 1359 2384 rui

295 2416 504 2480 'Muniicuiuriu]
538 2420 603 2471 Qure
632 2420 664 2470 ud
689 2437 790 2472 menum
831 2419 955 2483 πρόχειρα,
966 2417 1109 2468 rorabunt:
1127 2417 1187 2479 qrriu
1202 2415 1268 2464 nihil
1283 2413 1360 2475 megin

263 2491 505 2558 uuntudrpdxrrpu,
522 2508 538 2542 ι
556 2495 792 2547 menticuliuductu
832 2497 1073 2558 ndrnrnnnr,qnuro
1087 2491 1206 2540 llduntile.
1240 2490 1293 2538 Sed
1306 2501 1360 2536 rer·

264 2565 439 2632 similitudine,
456 2569 515 2634 quir
532 2583 589 2619 cum
604 2570 634 2618 iir
646 2585 734 2620 muuun
747 2587 791 2621 ex·
831 2573 864 2622 bu
881 2569 989 2620 Peeurii
1009 2567 1207 2631 conjungamur:
1226 2564 1361 2614 Mwffiffl

265 2649 424 2703 tergeantur,
447 2651 476 2693 ut
501 2643 650 2709 frequenter
674 2647 791 2696 munibus
833 2649 920 2698 ordiri·
946 2662 1038 2706 norem,
1072 2645 1249 2694 manticulatur
1284 2639 1360 2690 ortu·

264 2715 410 2764 udhrereuut
424 2731 529 2767 necuere
542 2728 589 2769 eut.
608 2722 683 2770 idern.
833 2725 958 2774 &notiore
979 2722 1058 2783 udigiu
1073 2721 1180 2782 jurando
1190 2720 1260 2782 im,
1280 2717 1362 2780 illim

296 2798 304 2821 ¹
322 2790 519 2856 Mediculorurn]
535 2795 606 2844 erot
619 2797 696 2845 verbu
708 2798 793 2846 Puru-
833 2800 920 2849 cotidie
942 2799 1030 2846 Perre
1048 2811 1115 2846 noxe
1129 2799 1308 2856 relaxantur.
1320 2827 1327 2841 ·
1338 2826 1362 2841 ··

266 2865 312 2926 rii,
329 2865 437 2915 totidem
458 2864 513 2916 iere
528 2879 643 2919 mourtru
659 2885 793 2922 errorum:
834 2889 881 2939 pro
897 2874 966 2934 dicis,
987 2870 1178 2921 ernendurinrur
1191 2869 1278 2924 edicir,
1295 2868 1362 2932 quod

265 2949 388 2991 etlumen
402 2943 597 3006 pulcherrimum
610 2947 688 3009 princi
698 2963 794 2998 sermo·
834 2949 957 2999 dicebant
969 2962 1016 3012 pro
1025 2946 1113 3008 odigir.
1133 2945 1230 2994 Notnrn
1242 2951 1295 3007 eut,
1303 2940 1364 3008 quid

265 3019 303 3066 nir
326 3020 455 3068 notionem
474 3019 499 3068 iu
518 3023 703 3074 recontinent.
736 3023 794 3088 Age
836 3024 870 3074 rit
895 3023 1019 3087 ‘adigere
1040 3023 1149 3086 aliquem
1163 3017 1364 3084 jusjurandum:

265 3093 343 3156 igitur
369 3095 405 3144 ite
426 3096 567 3159 legantur:
596 3097 735 3148 Pucuuiuu:
755 3101 796 3150 Ad
837 3099 943 3166 etquid
963 3099 1063 3150 Grrecir
1086 3095 1189 3146 irenrir
1208 3094 1285 3160 donor.
1307 3095 1364 3144 Ele·

265 3171 464 3219 manticulandum
491 3177 545 3220 ortu
571 3176 717 3234 aggreditur.
738 3177 797 3224 reite
837 3183 929 3237 gunter
957 3183 985 3224 et
1012 3174 1083 3238 qrrnui
1113 3171 1194 3236 γνόμῃ
1217 3170 1365 3232 tervussffl

266 3245 324 3306 quid
336 3261 424 3307 prome.
436 3262 499 3297 erue.
519 3249 597 3298 item:
616 3253 689 3313 Educ,
701 3252 720 3314 i,
730 3267 796 3302 rnen·
836 3250 953 3300 delinivit
965 3249 1155 3314 jusjuruudurn.
1179 3248 1249 3298 Quid
1261 3247 1365 3311 enjus-

266 3320 390 3369 ticututor:
413 3324 447 3372 ita
465 3324 576 3382 mesorti
598 3327 797 3390 appr-erritjugo.
831 3325 990 3388 jurandum!
1018 3327 1132 3387 ruentile,
1157 3337 1207 3388 quo
1237 3324 1366 3386 quotidin-

266 3396 323 3443 itern
345 3397 446 3446 deinde:
471 3398 621 3458 Aggreditur
637 3407 692 3449 nutu
709 3417 797 3464 regem.
838 3416 877 3450 ure
899 3415 973 3451 noxre
992 3409 1170 3464 extergentur.
1203 3399 1281 3452 Quod
1303 3397 1368 3462 iere,
1475 3419 1476 3454 ὲ

266 3471 464 3522 nunlioulondurn
475 3479 509 3521 ert
521 3473 560 3522 iric
571 3473 638 3522 milri.
671 3477 722 3524 Ei:
739 3478 794 3527 Mo·
835 3479 953 3542 quumvis
969 3478 1020 3528 eliu
1036 3477 1159 3542 allegoriu
1176 3477 1272 3526 extulit
1284 3475 1365 3526 Lebe-

266 3545 359 3592 ciinom
386 3548 474 3595 ordiris
499 3563 592 3611 nurum,
614 3551 796 3604 Monticulotrrn
836 3555 902 3604 rint:
929 3555 1014 3606 ‘Quid
1037 3563 1077 3602 ent
1092 3553 1297 3616 jusjurandum?
1315 3568 1366 3602 ern·

266 3624 330 3684 ortu,
341 3621 459 3668 sanctiore
478 3623 554 3670 ndiciu
572 3625 744 3687 Jurundujuru
754 3659 761 3676 .
771 3661 795 3677 ..
837 3629 963 3694 pluntruur
983 3630 1039 3678 aerin
1050 3627 1144 3678 alieni?
1177 3628 1208 3678 ln
1221 3628 1265 3676 illo
1282 3644 1367 3688 vernn,

267 3697 369 3745 Plenius
381 3693 423 3744 itur
432 3695 568 3762 significare
585 3695 703 3750 ridelur..
714 3736 720 3751 .
730 3737 737 3752 .
746 3705 796 3767 qui·
838 3705 985 3766 Mutinam,
995 3709 1036 3768 tre.
1048 3705 1122 3754 deest
1137 3703 1210 3752 finiu:
1230 3704 1256 3752 in
1266 3705 1368 3764 eodeni,

268 3773 309 3820 bur
323 3771 426 3836 quotidie
439 3773 525 3822 Peroe
537 3789 606 3823 noxa
618 3781 795 3838 extergeantur.
837 3781 948 3844 trajectu
958 3789 1032 3830 erunt
1043 3796 1074 3828 ex
1086 3780 1231 3828 divulsione
1244 3779 1369 3838 membru,

267 3855 273 3874 ⁴
287 3848 410 3914 Plautus:
421 3849 504 3914 inquit
514 3850 617 3906 Fertur,
629 3853 691 3902 ‘hoc
699 3854 796 3917 dgutd·
837 3858 965 3906 monticulo
975 3863 1050 3917 tortu,
1060 3870 1108 3906 nu:
1126 3869 1173 3916 pru
1190 3855 1369 3904 manticulare-r

268 3937 327 3972 care
339 3925 460 3990 uidetur,'
472 3935 499 3975 et
511 3929 583 3992 qrruri
596 3929 726 3978 notionem
740 3944 796 3978 ver·
837 3938 899 3982 ortu.
933 3933 963 3980 ln
985 3933 1029 3980 illu
1052 3945 1135 3989 uersu,
1153 3931 1229 3987 Educ.
1247 3931 1268 3993 i,
1290 3932 1368 3979 verbu

268 3998 292 4044 ut
304 4000 328 4046 in
339 4001 583 4066 eoquodrequitur:
602 4003 712 4066 ‘quibui
722 4019 795 4054 noxae
838 4007 891 4069 ille,
911 4007 946 4056 ito
964 4023 1000 4056 me
1011 4004 1076 4068 forti
1091 4006 1288 4068 opprenritJ'ugo,
1300 4006 1367 4056 idern

269 4083 454 4136 extergeantur
464 4077 481 4125 :'
497 4080 545 4127 ltuc
569 4084 618 4135 ert,
641 4079 691 4129 illie
712 4081 796 4130 uerlrir
839 4084 967 4132 ruleutnu
980 4082 1128 4132 Plautinum
1145 4081 1272 4138 illud‚1te
1292 4083 1368 4131 rnein

267 4152 372 4206 etymon
398 4151 470 4198 rerlri
496 4152 647 4201 manticulari
669 4155 797 4217 expresrit
839 4157 889 4220 ipro
907 4159 1008 4207 ortieulo
1023 4157 1146 4221 opprerrit.
1180 4157 1212 4206 ln
1229 4157 1274 4205 illo
1287 4172 1369 4218 verro,

270 4221 409 4280 Pacuvius,
429 4239 486 4273 curn
500 4227 652 4289 extergendi
671 4229 797 4291 siguificu·
840 4235 1084 4298 Aggrediiuntertiu
1100 4248 1116 4282 u
1133 4234 1262 4298 principio
1276 4233 1368 4298 produ·
