<?xml version="1.0" encoding="UTF-8"?>
<!DOCTYPE html PUBLIC "-//W3C//DTD XHTML 1.0 Transitional//EN"
    "http://www.w3.org/TR/xhtml1/DTD/xhtml1-transitional.dtd">
<html xmlns="http://www.w3.org/1999/xhtml" xml:lang="en" lang="en">
 <head>
  <title>
</title>
<meta http-equiv="Content-Type" content="text/html;charset=utf-8" />
  <meta name='ocr-system' content='tesseract 3.04.00' />
  <meta name='ocr-capabilities' content='ocr_page ocr_carea ocr_par ocr_line ocrx_word'/>
</head>
<body>
  <div class='ocr_page' id='page_1' title='image "./mverriiflacciqu01flacgoog/mverriiflacciqu01flacgoog_0340.png"; bbox 0 0 3000 4890; ppageno 0'>
   <div class='ocr_carea' id='block_1_1' title="bbox 291 408 1216 472">
    <p class='ocr_par' dir='ltr' id='par_1_1' title="bbox 291 408 1216 472">
     <span class='ocr_line' id='line_1_1' title="bbox 291 408 1216 472; baseline 0.008 -9"><span class='ocrx_word' id='word_1_1' title='bbox 291 415 340 464; x_wconf 85' lang='lat' dir='ltr'><strong>nn</strong></span> <span class='ocrx_word' id='word_1_2' title='bbox 364 417 571 467; x_wconf 82' lang='lat' dir='ltr'><strong>vennonurr</strong></span> <span class='ocrx_word' id='word_1_3' title='bbox 594 417 900 469; x_wconf 76' lang='lat' dir='ltr'><strong>srnurnrorrrorrn</strong></span> <span class='ocrx_word' id='word_1_4' title='bbox 925 422 997 469; x_wconf 82' lang='lat' dir='ltr'><strong>mn.</strong></span> <span class='ocrx_word' id='word_1_5' title='bbox 1022 421 1078 471; x_wconf 85' lang='lat' dir='ltr'><strong>rx.</strong></span> <span class='ocrx_word' id='word_1_6' title='bbox 1152 408 1216 472; x_wconf 77' lang='lat'><strong>331</strong></span> 
     </span>
    </p>
   </div>
   <div class='ocr_carea' id='block_1_2' title="bbox 121 552 1218 2247">
    <p class='ocr_par' dir='ltr' id='par_1_2' title="bbox 122 552 1217 840">
     <span class='ocr_line' id='line_1_2' title="bbox 122 552 1217 644; baseline 0.01 -29"><span class='ocrx_word' id='word_1_7' title='bbox 122 552 230 618; x_wconf 82' lang='lat' dir='ltr'><strong>Iniit¹¹</strong></span> <span class='ocrx_word' id='word_1_8' title='bbox 246 556 378 636; x_wconf 85' lang='lat' dir='ltr'><strong>ponitur</strong></span> <span class='ocrx_word' id='word_1_9' title='bbox 393 557 552 622; x_wconf 89' lang='lat' dir='ltr'><strong>interdum</strong></span> <span class='ocrx_word' id='word_1_10' title='bbox 569 577 630 640; x_wconf 87' lang='lat' dir='ltr'><strong>pro</strong></span> <span class='ocrx_word' id='word_1_11' title='bbox 644 559 837 623; x_wconf 86' lang='lat' dir='ltr'><strong>concubuit.</strong></span> <span class='ocrx_word' id='word_1_12' title='bbox 874 561 1043 624; x_wconf 84' lang='lat' dir='ltr'><strong>Interdum</strong></span> <span class='ocrx_word' id='word_1_13' title='bbox 1057 580 1118 644; x_wconf 87' lang='lat' dir='ltr'><strong>pro</strong></span> <span class='ocrx_word' id='word_1_14' title='bbox 1128 563 1217 626; x_wconf 86' lang='lat' dir='ltr'><strong>inve-</strong></span> 
     </span>
     <span class='ocr_line' id='line_1_3' title="bbox 167 655 1215 743; baseline 0.009 -28"><span class='ocrx_word' id='word_1_15' title='bbox 167 655 231 731; x_wconf 85' lang='lat' dir='ltr'><strong>nit,</strong></span> <span class='ocrx_word' id='word_1_16' title='bbox 247 663 286 719; x_wconf 87' lang='lat' dir='ltr'><strong>ut</strong></span> <span class='ocrx_word' id='word_1_17' title='bbox 300 655 381 721; x_wconf 91' lang='lat' dir='ltr'><strong>Iuiit</strong></span> <span class='ocrx_word' id='word_1_18' title='bbox 394 658 573 722; x_wconf 86' lang='lat' dir='ltr'><strong>rationem:</strong></span> <span class='ocrx_word' id='word_1_19' title='bbox 596 659 758 724; x_wconf 87' lang='lat' dir='ltr'><strong>interdum</strong></span> <span class='ocrx_word' id='word_1_20' title='bbox 773 679 835 743; x_wconf 88' lang='lat' dir='ltr'><strong>pro</strong></span> <span class='ocrx_word' id='word_1_21' title='bbox 851 661 991 738; x_wconf 84' lang='lat' dir='ltr'><strong>introiit,</strong></span> <span class='ocrx_word' id='word_1_22' title='bbox 1003 670 1041 725; x_wconf 92' lang='lat' dir='ltr'><strong>ut</strong></span> <span class='ocrx_word' id='word_1_23' title='bbox 1055 662 1215 727; x_wconf 82' lang='lat' dir='ltr'><strong>Plautus:</strong></span> 
     </span>
     <span class='ocr_line' id='line_1_4' title="bbox 168 753 588 840; baseline 0.005 -24"><span class='ocrx_word' id='word_1_24' title='bbox 168 753 249 818; x_wconf 86' lang='lat' dir='ltr'><strong>iniit</strong></span> <span class='ocrx_word' id='word_1_25' title='bbox 265 763 296 820; x_wconf 88' lang='lat' dir='ltr'><strong>te</strong></span> <span class='ocrx_word' id='word_1_26' title='bbox 311 777 458 840; x_wconf 82' lang='lat' dir='ltr'><strong>unquam</strong></span> <span class='ocrx_word' id='word_1_27' title='bbox 472 758 588 822; x_wconf 83' lang='lat' dir='ltr'><strong>febris.</strong></span> 
     </span>
    </p>

    <p class='ocr_par' dir='ltr' id='par_1_3' title="bbox 121 851 1218 1642">
     <span class='ocr_line' id='line_1_5' title="bbox 121 851 1218 942; baseline 0.007 -25"><span class='ocrx_word' id='word_1_28' title='bbox 121 851 166 917; x_wconf 93' lang='lat' dir='ltr'><strong>In</strong></span> <span class='ocrx_word' id='word_1_29' title='bbox 182 854 314 919; x_wconf 85' lang='lat' dir='ltr'><strong>insuln⁰</strong></span> <span class='ocrx_word' id='word_1_30' title='bbox 329 857 528 941; x_wconf 84' lang='lat' dir='ltr'><strong>AEsouinpio</strong></span> <span class='ocrx_word' id='word_1_31' title='bbox 541 859 631 922; x_wconf 84' lang='lat' dir='ltr'><strong>factu</strong></span> <span class='ocrx_word' id='word_1_32' title='bbox 646 857 736 921; x_wconf 77' lang='lat' dir='ltr'><strong>mdes</strong></span> <span class='ocrx_word' id='word_1_33' title='bbox 748 858 824 935; x_wconf 83' lang='lat' dir='ltr'><strong>suit,</strong></span> <span class='ocrx_word' id='word_1_34' title='bbox 837 859 929 942; x_wconf 93' lang='lat' dir='ltr'><strong>quod</strong></span> <span class='ocrx_word' id='word_1_35' title='bbox 945 860 1062 942; x_wconf 79' lang='lat' dir='ltr'><strong>aegroti</strong></span> <span class='ocrx_word' id='word_1_36' title='bbox 1078 879 1100 924; x_wconf 84' lang='lat' dir='ltr'><strong>n</strong></span> <span class='ocrx_word' id='word_1_37' title='bbox 1112 862 1218 926; x_wconf 90' lang='lat' dir='ltr'><strong>medi·</strong></span> 
     </span>
     <span class='ocr_line' id='line_1_6' title="bbox 168 955 1217 1041; baseline 0.008 -24"><span class='ocrx_word' id='word_1_38' title='bbox 168 955 221 1018; x_wconf 83' lang='lat' dir='ltr'><strong>cis</strong></span> <span class='ocrx_word' id='word_1_39' title='bbox 237 975 327 1038; x_wconf 81' lang='lat' dir='ltr'><strong>equa</strong></span> <span class='ocrx_word' id='word_1_40' title='bbox 341 957 485 1022; x_wconf 82' lang='lat' dir='ltr'><strong>maxime</strong></span> <span class='ocrx_word' id='word_1_41' title='bbox 499 964 743 1023; x_wconf 80' lang='lat' dir='ltr'><strong>sustententur:</strong></span> <span class='ocrx_word' id='word_1_42' title='bbox 757 959 904 1041; x_wconf 86' lang='lat' dir='ltr'><strong>ejusdem</strong></span> <span class='ocrx_word' id='word_1_43' title='bbox 920 979 997 1024; x_wconf 89' lang='lat' dir='ltr'><strong>esse</strong></span> <span class='ocrx_word' id='word_1_44' title='bbox 1010 960 1125 1026; x_wconf 82' lang='lat' dir='ltr'><strong>tutelre</strong></span> <span class='ocrx_word' id='word_1_45' title='bbox 1142 961 1217 1025; x_wconf 88' lang='lat' dir='ltr'><strong>drn·</strong></span> 
     </span>
     <span class='ocr_line' id='line_1_7' title="bbox 169 1056 1217 1143; baseline 0.008 -26"><span class='ocrx_word' id='word_1_46' title='bbox 169 1072 297 1132; x_wconf 87' lang='lat' dir='ltr'><strong>eonem,</strong></span> <span class='ocrx_word' id='word_1_47' title='bbox 309 1056 399 1139; x_wconf 91' lang='lat' dir='ltr'><strong>quod</strong></span> <span class='ocrx_word' id='word_1_48' title='bbox 413 1058 699 1140; x_wconf 83' lang='lat' dir='ltr'><strong>vigilantissimum</strong></span> <span class='ocrx_word' id='word_1_49' title='bbox 709 1057 754 1122; x_wconf 83' lang='lat' dir='ltr'><strong>sit</strong></span> <span class='ocrx_word' id='word_1_50' title='bbox 768 1060 901 1137; x_wconf 76' lang='lat' dir='ltr'><strong>animal,</strong></span> <span class='ocrx_word' id='word_1_51' title='bbox 915 1079 990 1143; x_wconf 79' lang='lat' dir='ltr'><strong>quae</strong></span> <span class='ocrx_word' id='word_1_52' title='bbox 1005 1079 1058 1125; x_wconf 86' lang='lat' dir='ltr'><strong>ree</strong></span> <span class='ocrx_word' id='word_1_53' title='bbox 1071 1061 1114 1126; x_wconf 86' lang='lat' dir='ltr'><strong>nd</strong></span> <span class='ocrx_word' id='word_1_54' title='bbox 1124 1067 1217 1126; x_wconf 87' lang='lat' dir='ltr'><strong>tuen·</strong></span> 
     </span>
     <span class='ocr_line' id='line_1_8' title="bbox 170 1153 1218 1242; baseline 0.008 -25"><span class='ocrx_word' id='word_1_55' title='bbox 170 1153 248 1218; x_wconf 85' lang='lat' dir='ltr'><strong>dem</strong></span> <span class='ocrx_word' id='word_1_56' title='bbox 265 1157 486 1223; x_wconf 85' lang='lat' dir='ltr'><strong>valetudinem</strong></span> <span class='ocrx_word' id='word_1_57' title='bbox 504 1160 618 1240; x_wconf 78' lang='lat' dir='ltr'><strong>aegroti</strong></span> <span class='ocrx_word' id='word_1_58' title='bbox 638 1159 785 1222; x_wconf 77' lang='lat' dir='ltr'><strong>maxime</strong></span> <span class='ocrx_word' id='word_1_59' title='bbox 807 1167 889 1242; x_wconf 86' lang='lat' dir='ltr'><strong>nptn</strong></span> <span class='ocrx_word' id='word_1_60' title='bbox 908 1167 976 1225; x_wconf 88' lang='lat' dir='ltr'><strong>est:</strong></span> <span class='ocrx_word' id='word_1_61' title='bbox 1001 1179 1104 1227; x_wconf 84' lang='lat' dir='ltr'><strong>cenes</strong></span> <span class='ocrx_word' id='word_1_62' title='bbox 1126 1161 1218 1225; x_wconf 90' lang='lat' dir='ltr'><strong>ndbi·</strong></span> 
     </span>
     <span class='ocr_line' id='line_1_9' title="bbox 169 1257 1216 1343; baseline 0.005 -23"><span class='ocrx_word' id='word_1_63' title='bbox 169 1258 288 1320; x_wconf 87' lang='lat' dir='ltr'><strong>bentur</strong></span> <span class='ocrx_word' id='word_1_64' title='bbox 303 1257 377 1340; x_wconf 88' lang='lat' dir='ltr'><strong>ejus</strong></span> <span class='ocrx_word' id='word_1_65' title='bbox 392 1258 527 1343; x_wconf 87' lang='lat' dir='ltr'><strong>templo,</strong></span> <span class='ocrx_word' id='word_1_66' title='bbox 541 1259 629 1342; x_wconf 91' lang='lat' dir='ltr'><strong>quod</strong></span> <span class='ocrx_word' id='word_1_67' title='bbox 645 1261 676 1323; x_wconf 86' lang='lat' dir='ltr'><strong>is</strong></span> <span class='ocrx_word' id='word_1_68' title='bbox 690 1261 848 1324; x_wconf 79' lang='lat' dir='ltr'><strong>uberibus</strong></span> <span class='ocrx_word' id='word_1_69' title='bbox 859 1262 975 1326; x_wconf 74' lang='lat' dir='ltr'><strong>carusp</strong></span> <span class='ocrx_word' id='word_1_70' title='bbox 996 1263 1042 1327; x_wconf 88' lang='lat' dir='ltr'><strong>sit</strong></span> <span class='ocrx_word' id='word_1_71' title='bbox 1054 1263 1216 1327; x_wconf 88' lang='lat' dir='ltr'><strong>nutritus:</strong></span> 
     </span>
     <span class='ocr_line' id='line_1_10' title="bbox 168 1357 1217 1444; baseline 0.004 -24"><span class='ocrx_word' id='word_1_72' title='bbox 168 1357 329 1422; x_wconf 83' lang='lat' dir='ltr'><strong>bacillum</strong></span> <span class='ocrx_word' id='word_1_73' title='bbox 353 1358 457 1422; x_wconf 82' lang='lat' dir='ltr'><strong>hebet</strong></span> <span class='ocrx_word' id='word_1_74' title='bbox 477 1358 650 1437; x_wconf 88' lang='lat' dir='ltr'><strong>nodosum,</strong></span> <span class='ocrx_word' id='word_1_75' title='bbox 676 1361 768 1442; x_wconf 90' lang='lat' dir='ltr'><strong>qnod</strong></span> <span class='ocrx_word' id='word_1_76' title='bbox 792 1360 1022 1426; x_wconf 84' lang='lat' dir='ltr'><strong>difficultatem</strong></span> <span class='ocrx_word' id='word_1_77' title='bbox 1049 1361 1217 1444; x_wconf 77' lang='lat' dir='ltr'><strong>significat</strong></span> 
     </span>
     <span class='ocr_line' id='line_1_11' title="bbox 169 1459 1217 1545; baseline 0.004 -23"><span class='ocrx_word' id='word_1_78' title='bbox 169 1459 272 1522; x_wconf 83' lang='lat' dir='ltr'><strong>artis:</strong></span> <span class='ocrx_word' id='word_1_79' title='bbox 294 1459 409 1523; x_wconf 85' lang='lat' dir='ltr'><strong>inuren</strong></span> <span class='ocrx_word' id='word_1_80' title='bbox 431 1467 613 1537; x_wconf 82' lang='lat' dir='ltr'><strong>coronatur,</strong></span> <span class='ocrx_word' id='word_1_81' title='bbox 636 1461 723 1543; x_wconf 91' lang='lat' dir='ltr'><strong>quod</strong></span> <span class='ocrx_word' id='word_1_82' title='bbox 745 1481 786 1525; x_wconf 84' lang='lat' dir='ltr'><strong>en</strong></span> <span class='ocrx_word' id='word_1_83' title='bbox 809 1463 909 1526; x_wconf 87' lang='lat' dir='ltr'><strong>nrbor</strong></span> <span class='ocrx_word' id='word_1_84' title='bbox 934 1463 1149 1545; x_wconf 87' lang='lat' dir='ltr'><strong>plurimorum</strong></span> <span class='ocrx_word' id='word_1_85' title='bbox 1170 1463 1217 1526; x_wconf 86' lang='lat' dir='ltr'><strong>sit</strong></span> 
     </span>
     <span class='ocr_line' id='line_1_12' title="bbox 168 1559 953 1642; baseline 0.008 -21"><span class='ocrx_word' id='word_1_86' title='bbox 168 1559 405 1624; x_wconf 84' lang='lat' dir='ltr'><strong>remediorum:</strong></span> <span class='ocrx_word' id='word_1_87' title='bbox 428 1562 507 1625; x_wconf 86' lang='lat' dir='ltr'><strong>buin</strong></span> <span class='ocrx_word' id='word_1_88' title='bbox 521 1562 654 1642; x_wconf 77' lang='lat' dir='ltr'><strong>galiinae</strong></span> <span class='ocrx_word' id='word_1_89' title='bbox 670 1563 953 1628; x_wconf 62' lang='grc' dir='ltr'><strong>ἰιιιιιιοΙιίιιιιιιιιιέ1</strong></span> 
     </span>
    </p>

    <p class='ocr_par' dir='ltr' id='par_1_4' title="bbox 122 1659 1216 1942">
     <span class='ocr_line' id='line_1_13' title="bbox 122 1659 1216 1746; baseline 0.003 -24"><span class='ocrx_word' id='word_1_90' title='bbox 122 1659 288 1723; x_wconf 79' lang='lat' dir='ltr'><strong>Initium¹</strong></span> <span class='ocrx_word' id='word_1_91' title='bbox 312 1666 363 1724; x_wconf 88' lang='lat' dir='ltr'><strong>est</strong></span> <span class='ocrx_word' id='word_1_92' title='bbox 384 1661 605 1743; x_wconf 70' lang='lat' dir='ltr'><strong>principium</strong></span> <span class='ocrx_word' id='word_1_93' title='bbox 629 1661 687 1724; x_wconf 89' lang='lat' dir='ltr'><strong>sed</strong></span> <span class='ocrx_word' id='word_1_94' title='bbox 711 1662 797 1726; x_wconf 83' lang='lat' dir='ltr'><strong>elios</strong></span> <span class='ocrx_word' id='word_1_95' title='bbox 819 1683 887 1746; x_wconf 90' lang='lat' dir='ltr'><strong>quo</strong></span> <span class='ocrx_word' id='word_1_96' title='bbox 909 1663 988 1746; x_wconf 90' lang='lat' dir='ltr'><strong>quid</strong></span> <span class='ocrx_word' id='word_1_97' title='bbox 1011 1661 1163 1743; x_wconf 78' lang='lat' dir='ltr'><strong>incipiat,</strong></span> <span class='ocrx_word' id='word_1_98' title='bbox 1177 1667 1216 1725; x_wconf 92' lang='lat' dir='ltr'><strong>ut</strong></span> 
     </span>
     <span class='ocr_line' id='line_1_14' title="bbox 169 1757 1216 1846; baseline 0.002 -24"><span class='ocrx_word' id='word_1_99' title='bbox 169 1760 234 1824; x_wconf 84' lang='lat' dir='ltr'><strong>viae</strong></span> <span class='ocrx_word' id='word_1_100' title='bbox 249 1757 375 1842; x_wconf 79' lang='lat' dir='ltr'><strong>Appiae</strong></span> <span class='ocrx_word' id='word_1_101' title='bbox 389 1767 488 1843; x_wconf 82' lang='lat' dir='ltr'><strong>porta</strong></span> <span class='ocrx_word' id='word_1_102' title='bbox 503 1760 662 1842; x_wconf 79' lang='lat' dir='ltr'><strong>Capena:</strong></span> <span class='ocrx_word' id='word_1_103' title='bbox 686 1760 827 1826; x_wconf 74' lang='lat' dir='ltr'><strong>elieser</strong></span> <span class='ocrx_word' id='word_1_104' title='bbox 842 1781 910 1846; x_wconf 90' lang='lat' dir='ltr'><strong>quo</strong></span> <span class='ocrx_word' id='word_1_105' title='bbox 925 1761 1004 1846; x_wconf 88' lang='lat' dir='ltr'><strong>quid</strong></span> <span class='ocrx_word' id='word_1_106' title='bbox 1020 1766 1164 1836; x_wconf 88' lang='lat' dir='ltr'><strong>constet,</strong></span> <span class='ocrx_word' id='word_1_107' title='bbox 1178 1769 1216 1824; x_wconf 90' lang='lat' dir='ltr'><strong>nt</strong></span> 
     </span>
     <span class='ocr_line' id='line_1_15' title="bbox 170 1861 460 1942; baseline -0.003 -20"><span class='ocrx_word' id='word_1_108' title='bbox 170 1878 269 1942; x_wconf 84' lang='lat' dir='ltr'><strong>nque,</strong></span> <span class='ocrx_word' id='word_1_109' title='bbox 284 1865 379 1938; x_wconf 77' lang='lat' dir='ltr'><strong>terro,</strong></span> <span class='ocrx_word' id='word_1_110' title='bbox 393 1861 460 1924; x_wconf 73' lang='lat' dir='ltr'><strong>adr.</strong></span> 
     </span>
    </p>

    <p class='ocr_par' dir='ltr' id='par_1_5' title="bbox 123 1960 874 2044">
     <span class='ocr_line' id='line_1_16' title="bbox 123 1960 874 2044; baseline 0.005 -21"><span class='ocrx_word' id='word_1_111' title='bbox 123 1960 281 2043; x_wconf 84' lang='lat' dir='ltr'><strong>Injnges·</strong></span> <span class='ocrx_word' id='word_1_112' title='bbox 296 1962 412 2037; x_wconf 83' lang='lat' dir='ltr'><strong>boves,</strong></span> <span class='ocrx_word' id='word_1_113' title='bbox 427 1962 483 2044; x_wconf 90' lang='lat' dir='ltr'><strong>qui</strong></span> <span class='ocrx_word' id='word_1_114' title='bbox 499 1963 563 2024; x_wconf 92' lang='lat' dir='ltr'><strong>sub</strong></span> <span class='ocrx_word' id='word_1_115' title='bbox 571 1962 652 2044; x_wconf 82' lang='lat' dir='ltr'><strong>jugo</strong></span> <span class='ocrx_word' id='word_1_116' title='bbox 667 1982 732 2027; x_wconf 92' lang='lat' dir='ltr'><strong>non</strong></span> <span class='ocrx_word' id='word_1_117' title='bbox 746 1962 874 2029; x_wconf 86' lang='lat' dir='ltr'><strong>inerint.</strong></span> 
     </span>
    </p>

    <p class='ocr_par' dir='ltr' id='par_1_6' title="bbox 125 2060 516 2145">
     <span class='ocr_line' id='line_1_17' title="bbox 125 2060 516 2145; baseline 0.003 -22"><span class='ocrx_word' id='word_1_118' title='bbox 125 2060 301 2144; x_wconf 87' lang='lat' dir='ltr'><strong>Injurium‚</strong></span> <span class='ocrx_word' id='word_1_119' title='bbox 316 2063 516 2145; x_wconf 66' lang='lat' dir='ltr'><strong>perjurium.t</strong></span> 
     </span>
    </p>

    <p class='ocr_par' dir='ltr' id='par_1_7' title="bbox 122 2161 1087 2247">
     <span class='ocr_line' id='line_1_18' title="bbox 122 2161 1087 2247; baseline 0.002 -23"><span class='ocrx_word' id='word_1_120' title='bbox 122 2161 386 2243; x_wconf 80' lang='lat' dir='ltr'><strong>Iulnqnentnm,¹¹</strong></span> <span class='ocrx_word' id='word_1_121' title='bbox 399 2161 454 2226; x_wconf 84' lang='lat' dir='ltr'><strong>alii</strong></span> <span class='ocrx_word' id='word_1_122' title='bbox 467 2181 527 2244; x_wconf 89' lang='lat' dir='ltr'><strong>pro</strong></span> <span class='ocrx_word' id='word_1_123' title='bbox 539 2163 651 2226; x_wconf 87' lang='lat' dir='ltr'><strong>vineto</strong></span> <span class='ocrx_word' id='word_1_124' title='bbox 665 2169 810 2241; x_wconf 86' lang='lat' dir='ltr'><strong>utuntur,</strong></span> <span class='ocrx_word' id='word_1_125' title='bbox 822 2164 879 2227; x_wconf 84' lang='lat' dir='ltr'><strong>eiii</strong></span> <span class='ocrx_word' id='word_1_126' title='bbox 894 2183 954 2247; x_wconf 86' lang='lat' dir='ltr'><strong>pro</strong></span> <span class='ocrx_word' id='word_1_127' title='bbox 969 2165 1087 2230; x_wconf 86' lang='lat' dir='ltr'><strong>soluto.</strong></span> 
     </span>
    </p>
   </div>
   <div class='ocr_carea' id='block_1_3' title="bbox 578 2377 716 2430">
    <p class='ocr_par' dir='ltr' id='par_1_8' title="bbox 578 2377 716 2430">
     <span class='ocr_line' id='line_1_19' title="bbox 578 2377 716 2430; baseline 0.022 -5"><span class='ocrx_word' id='word_1_128' title='bbox 578 2413 582 2425; x_wconf 78' lang='grc'>,</span> <span class='ocrx_word' id='word_1_129' title='bbox 609 2377 716 2430; x_wconf 76' lang='lat' dir='ltr'><strong>NOTAE</strong></span> 
     </span>
    </p>
   </div>
   <div class='ocr_carea' id='block_1_4' title="bbox 123 2502 1220 4141">
    <p class='ocr_par' dir='ltr' id='par_1_9' title="bbox 123 2502 1220 4141">
     <span class='ocr_line' id='line_1_20' title="bbox 160 2502 1215 2569; baseline 0.004 -17"><span class='ocrx_word' id='word_1_130' title='bbox 160 2511 172 2536; x_wconf 84' lang='lat'>¹</span> <span class='ocrx_word' id='word_1_131' title='bbox 189 2503 263 2566; x_wconf 76' lang='lat' dir='ltr'><strong>Inir&#39;t]</strong></span> <span class='ocrx_word' id='word_1_132' title='bbox 280 2503 346 2552; x_wconf 72' lang='lat' dir='ltr'><strong>latre</strong></span> <span class='ocrx_word' id='word_1_133' title='bbox 361 2502 490 2552; x_wconf 70' lang='lat' dir='ltr'><strong>interdu·</strong></span> <span class='ocrx_word' id='word_1_134' title='bbox 507 2503 653 2556; x_wconf 83' lang='lat' dir='ltr'><strong>obscoenum</strong></span> <span class='ocrx_word' id='word_1_135' title='bbox 693 2508 702 2535; x_wconf 83' lang='lat'>‘</span> <span class='ocrx_word' id='word_1_136' title='bbox 711 2505 760 2556; x_wconf 76' lang='lat' dir='ltr'><strong>rin</strong></span> <span class='ocrx_word' id='word_1_137' title='bbox 770 2506 889 2557; x_wconf 68' lang='lat' dir='ltr'><strong>initium!</strong></span> <span class='ocrx_word' id='word_1_138' title='bbox 911 2507 948 2556; x_wconf 88' lang='lat' dir='ltr'><strong>Ut</strong></span> <span class='ocrx_word' id='word_1_139' title='bbox 959 2506 1060 2556; x_wconf 76' lang='lat' dir='ltr'><strong>Grecis</strong></span> <span class='ocrx_word' id='word_1_140' title='bbox 1071 2506 1142 2569; x_wconf 70' lang='grc' dir='ltr'><strong><em>ἀρχή.</em></strong></span> <span class='ocrx_word' id='word_1_141' title='bbox 1163 2508 1215 2558; x_wconf 82' lang='lat' dir='ltr'><strong>Sed</strong></span> 
     </span>
     <span class='ocr_line' id='line_1_21' title="bbox 125 2579 1217 2646; baseline 0.002 -18"><span class='ocrx_word' id='word_1_142' title='bbox 125 2580 236 2630; x_wconf 85' lang='lat' dir='ltr'><strong>verbnm</strong></span> <span class='ocrx_word' id='word_1_143' title='bbox 245 2587 295 2629; x_wconf 78' lang='lat' dir='ltr'><strong>est.</strong></span> <span class='ocrx_word' id='word_1_144' title='bbox 311 2579 386 2630; x_wconf 86' lang='lat' dir='ltr'><strong>Unde</strong></span> <span class='ocrx_word' id='word_1_145' title='bbox 394 2580 468 2629; x_wconf 76' lang='lat' dir='ltr'><strong>inune</strong></span> <span class='ocrx_word' id='word_1_146' title='bbox 474 2586 502 2629; x_wconf 86' lang='lat' dir='ltr'><strong>et</strong></span> <span class='ocrx_word' id='word_1_147' title='bbox 509 2580 588 2630; x_wconf 78' lang='grc' dir='ltr'>ιἰιὶιιιιι</span> <span class='ocrx_word' id='word_1_148' title='bbox 595 2582 652 2630; x_wconf 83' lang='lat' dir='ltr'><strong>Pon</strong></span> <span class='ocrx_word' id='word_1_149' title='bbox 693 2595 740 2644; x_wconf 87' lang='lat' dir='ltr'><strong>pro</strong></span> <span class='ocrx_word' id='word_1_150' title='bbox 750 2581 866 2646; x_wconf 79' lang='lat' dir='ltr'><strong>quolibet</strong></span> <span class='ocrx_word' id='word_1_151' title='bbox 875 2582 951 2631; x_wconf 79' lang='lat' dir='ltr'><strong>etiem</strong></span> <span class='ocrx_word' id='word_1_152' title='bbox 962 2581 1087 2645; x_wconf 80' lang='lat' dir='ltr'><strong>principio</strong></span> <span class='ocrx_word' id='word_1_153' title='bbox 1099 2581 1217 2637; x_wconf 78' lang='lat' dir='ltr'><strong>sumitur,</strong></span> 
     </span>
     <span class='ocr_line' id='line_1_22' title="bbox 125 2653 1218 2720; baseline 0.005 -18"><span class='ocrx_word' id='word_1_154' title='bbox 125 2655 215 2704; x_wconf 81' lang='lat' dir='ltr'><strong>dictur</strong></span> <span class='ocrx_word' id='word_1_155' title='bbox 227 2655 271 2719; x_wconf 85' lang='lat' dir='ltr'><strong>qui</strong></span> <span class='ocrx_word' id='word_1_156' title='bbox 282 2654 377 2704; x_wconf 76' lang='lat' dir='ltr'><strong>Grnee</strong></span> <span class='ocrx_word' id='word_1_157' title='bbox 387 2653 509 2717; x_wconf 69' lang='grc' dir='ltr'>δφιάλτηι.</span> <span class='ocrx_word' id='word_1_158' title='bbox 533 2655 602 2705; x_wconf 88' lang='lat' dir='ltr'><strong>inire</strong></span> <span class='ocrx_word' id='word_1_159' title='bbox 614 2670 653 2705; x_wconf 79' lang='lat' dir='ltr'><strong>rr·</strong></span> <span class='ocrx_word' id='word_1_160' title='bbox 694 2664 722 2706; x_wconf 90' lang='lat' dir='ltr'><strong>ut</strong></span> <span class='ocrx_word' id='word_1_161' title='bbox 738 2672 787 2720; x_wconf 84' lang='lat' dir='ltr'><strong>pro</strong></span> <span class='ocrx_word' id='word_1_162' title='bbox 801 2657 944 2718; x_wconf 76' lang='lat' dir='ltr'><strong>elementis,</strong></span> <span class='ocrx_word' id='word_1_163' title='bbox 964 2656 1031 2720; x_wconf 88' lang='lat' dir='ltr'><strong>qnod</strong></span> <span class='ocrx_word' id='word_1_164' title='bbox 1050 2671 1081 2706; x_wconf 81' lang='lat' dir='ltr'><strong>en</strong></span> <span class='ocrx_word' id='word_1_165' title='bbox 1098 2655 1150 2706; x_wconf 82' lang='lat' dir='ltr'><strong>rint</strong></span> <span class='ocrx_word' id='word_1_166' title='bbox 1165 2671 1218 2707; x_wconf 89' lang='lat' dir='ltr'><strong>orn·</strong></span> 
     </span>
     <span class='ocr_line' id='line_1_23' title="bbox 125 2730 1111 2796; baseline 0.003 -17"><span class='ocrx_word' id='word_1_167' title='bbox 125 2731 235 2792; x_wconf 82' lang='lat' dir='ltr'><strong>tionem,</strong></span> <span class='ocrx_word' id='word_1_168' title='bbox 266 2731 409 2790; x_wconf 80' lang='lat' dir='ltr'><strong>consilinm,</strong></span> <span class='ocrx_word' id='word_1_169' title='bbox 433 2738 473 2781; x_wconf 85' lang='lat' dir='ltr'><strong>est</strong></span> <span class='ocrx_word' id='word_1_170' title='bbox 497 2730 652 2792; x_wconf 84' lang='lat' dir='ltr'><strong>deiibernre,</strong></span> <span class='ocrx_word' id='word_1_171' title='bbox 693 2731 1111 2796; x_wconf 79' lang='lat' dir='ltr'><strong>ninmrernnrprinrordin.1dem.</strong></span> 
     </span>
     <span class='ocr_line' id='line_1_24' title="bbox 123 2805 1218 2870; baseline 0.002 -16"><span class='ocrx_word' id='word_1_172' title='bbox 123 2806 284 2854; x_wconf 75' lang='lat' dir='ltr'><strong>constituere</strong></span> <span class='ocrx_word' id='word_1_173' title='bbox 295 2806 454 2870; x_wconf 76' lang='lat' dir='ltr'><strong>qnerntione</strong></span> <span class='ocrx_word' id='word_1_174' title='bbox 470 2806 518 2856; x_wconf 83' lang='lat' dir='ltr'><strong>hoe</strong></span> <span class='ocrx_word' id='word_1_175' title='bbox 531 2807 573 2856; x_wconf 83' lang='lat' dir='ltr'><strong>vei</strong></span> <span class='ocrx_word' id='word_1_176' title='bbox 590 2806 652 2856; x_wconf 87' lang='lat' dir='ltr'><strong>iliud</strong></span> <span class='ocrx_word' id='word_1_177' title='bbox 725 2813 734 2838; x_wconf 77' lang='lat'>⁸</span> <span class='ocrx_word' id='word_1_178' title='bbox 751 2805 862 2869; x_wconf 60' lang='lat' dir='ltr'><strong>Iunge]</strong></span> <span class='ocrx_word' id='word_1_179' title='bbox 888 2805 1008 2854; x_wconf 87' lang='lat' dir='ltr'><strong>Nondum</strong></span> <span class='ocrx_word' id='word_1_180' title='bbox 1026 2805 1118 2868; x_wconf 70' lang='lat' dir='ltr'><strong>jugum</strong></span> <span class='ocrx_word' id='word_1_181' title='bbox 1142 2806 1218 2868; x_wconf 76' lang='lat' dir='ltr'><strong>pusi.</strong></span> 
     </span>
     <span class='ocr_line' id='line_1_25' title="bbox 124 2879 1218 2944; baseline 0.002 -16"><span class='ocrx_word' id='word_1_182' title='bbox 124 2879 184 2928; x_wconf 82' lang='lat' dir='ltr'><strong>fieri</strong></span> <span class='ocrx_word' id='word_1_183' title='bbox 195 2880 287 2941; x_wconf 78' lang='lat' dir='ltr'><strong>nonsit.</strong></span> <span class='ocrx_word' id='word_1_184' title='bbox 304 2880 379 2930; x_wconf 78' lang='lat' dir='ltr'><strong>Idem.</strong></span> <span class='ocrx_word' id='word_1_185' title='bbox 693 2880 779 2930; x_wconf 80' lang='lat' dir='ltr'><strong>Giorr.</strong></span> <span class='ocrx_word' id='word_1_186' title='bbox 805 2879 911 2944; x_wconf 80' lang='lat' dir='ltr'><strong>‘lnjnx</strong></span> <span class='ocrx_word' id='word_1_187' title='bbox 933 2879 988 2941; x_wconf 84' lang='lat' dir='ltr'><strong>bor,</strong></span> <span class='ocrx_word' id='word_1_188' title='bbox 1015 2879 1128 2928; x_wconf 85' lang='lat' dir='ltr'><strong>nondum</strong></span> <span class='ocrx_word' id='word_1_189' title='bbox 1154 2881 1218 2944; x_wconf 76' lang='lat' dir='ltr'><strong>jugo</strong></span> 
     </span>
     <span class='ocr_line' id='line_1_26' title="bbox 159 2952 1217 3019; baseline 0 -17"><span class='ocrx_word' id='word_1_190' title='bbox 159 2962 171 2986; x_wconf 86' lang='lat'>⁰</span> <span class='ocrx_word' id='word_1_191' title='bbox 188 2954 316 3017; x_wconf 72' lang='lat' dir='ltr'><strong>Ieiunia]</strong></span> <span class='ocrx_word' id='word_1_192' title='bbox 332 2956 484 3019; x_wconf 81' lang='lat' dir='ltr'><strong>Tyberinmn</strong></span> <span class='ocrx_word' id='word_1_193' title='bbox 496 2957 602 3008; x_wconf 76' lang='lat' dir='ltr'><strong>insulem</strong></span> <span class='ocrx_word' id='word_1_194' title='bbox 614 2957 652 3004; x_wconf 86' lang='lat' dir='ltr'><strong>in·</strong></span> <span class='ocrx_word' id='word_1_195' title='bbox 687 2954 813 3017; x_wconf 63' lang='lat' dir='ltr'><strong>junctus!</strong></span> <span class='ocrx_word' id='word_1_196' title='bbox 846 2955 888 3003; x_wconf 84' lang='lat' dir='ltr'><strong>Sic</strong></span> <span class='ocrx_word' id='word_1_197' title='bbox 905 2953 1016 3003; x_wconf 78' lang='lat' dir='ltr'><strong>‘bortiae</strong></span> <span class='ocrx_word' id='word_1_198' title='bbox 1028 2952 1145 3017; x_wconf 50' lang='lat' dir='ltr'><strong>injure&amp;</strong></span> <span class='ocrx_word' id='word_1_199' title='bbox 1160 2968 1217 3018; x_wconf 75' lang='lat' dir='ltr'><strong>qun</strong></span> 
     </span>
     <span class='ocr_line' id='line_1_27' title="bbox 123 3027 1218 3095; baseline -0.004 -15"><span class='ocrx_word' id='word_1_200' title='bbox 123 3031 225 3094; x_wconf 60' lang='lat' dir='ltr'><strong>witige,</strong></span> <span class='ocrx_word' id='word_1_201' title='bbox 244 3045 320 3095; x_wconf 76' lang='lat' dir='ltr'><strong>quern</strong></span> <span class='ocrx_word' id='word_1_202' title='bbox 331 3029 441 3095; x_wconf 72' lang='lat' dir='ltr'><strong>Tybern</strong></span> <span class='ocrx_word' id='word_1_203' title='bbox 457 3031 549 3082; x_wconf 79' lang='lat' dir='ltr'><strong>fluvius</strong></span> <span class='ocrx_word' id='word_1_204' title='bbox 563 3031 653 3090; x_wconf 72' lang='lat' dir='ltr'><strong>ambit,</strong></span> <span class='ocrx_word' id='word_1_205' title='bbox 693 3043 823 3093; x_wconf 76' lang='lat' dir='ltr'><strong>nunquam</strong></span> <span class='ocrx_word' id='word_1_206' title='bbox 842 3029 946 3077; x_wconf 69' lang='lat' dir='ltr'><strong>domiin</strong></span> <span class='ocrx_word' id='word_1_207' title='bbox 965 3041 995 3076; x_wconf 79' lang='grc' dir='ltr'><strong>ιο</strong></span> <span class='ocrx_word' id='word_1_208' title='bbox 1007 3027 1074 3090; x_wconf 71' lang='lat' dir='ltr'><strong>jugo</strong></span> <span class='ocrx_word' id='word_1_209' title='bbox 1093 3028 1218 3077; x_wconf 76' lang='lat' dir='ltr'><strong>roberte.</strong></span> 
     </span>
     <span class='ocr_line' id='line_1_28' title="bbox 125 3101 1219 3170; baseline -0.001 -17"><span class='ocrx_word' id='word_1_210' title='bbox 125 3121 186 3154; x_wconf 80' lang='lat' dir='ltr'><strong>nam</strong></span> <span class='ocrx_word' id='word_1_211' title='bbox 198 3114 226 3154; x_wconf 89' lang='lat' dir='ltr'><strong>et</strong></span> <span class='ocrx_word' id='word_1_212' title='bbox 236 3119 294 3154; x_wconf 77' lang='lat' dir='ltr'><strong>enm</strong></span> <span class='ocrx_word' id='word_1_213' title='bbox 304 3105 312 3133; x_wconf 88' lang='lat'>‘</span> <span class='ocrx_word' id='word_1_214' title='bbox 324 3105 464 3170; x_wconf 80' lang='lat' dir='ltr'><strong>AEsrnirpii</strong></span> <span class='ocrx_word' id='word_1_215' title='bbox 473 3107 581 3155; x_wconf 78' lang='lat' dir='ltr'><strong>iorninm</strong></span> <span class='ocrx_word' id='word_1_216' title='bbox 591 3105 597 3126; x_wconf 86' lang='lat'>’</span> <span class='ocrx_word' id='word_1_217' title='bbox 609 3119 653 3152; x_wconf 86' lang='lat' dir='ltr'><strong>ro·</strong></span> <span class='ocrx_word' id='word_1_218' title='bbox 692 3104 810 3154; x_wconf 82' lang='lat' dir='ltr'><strong>Mnerob.</strong></span> <span class='ocrx_word' id='word_1_219' title='bbox 854 3103 921 3152; x_wconf 83' lang='lat' dir='ltr'><strong>Vide</strong></span> <span class='ocrx_word' id='word_1_220' title='bbox 944 3102 1056 3152; x_wconf 87' lang='lat' dir='ltr'><strong>Nonium</strong></span> <span class='ocrx_word' id='word_1_221' title='bbox 1080 3101 1089 3129; x_wconf 82' lang='lat'>‘</span> <span class='ocrx_word' id='word_1_222' title='bbox 1101 3102 1219 3166; x_wconf 71' lang='lat' dir='ltr'><strong>injugerl</strong></span> 
     </span>
     <span class='ocr_line' id='line_1_29' title="bbox 123 3177 769 3245; baseline -0.006 -15"><span class='ocrx_word' id='word_1_223' title='bbox 123 3189 170 3230; x_wconf 74' lang='lat' dir='ltr'><strong>ent</strong></span> <span class='ocrx_word' id='word_1_224' title='bbox 181 3182 288 3231; x_wconf 85' lang='lat' dir='ltr'><strong>Sneton.</strong></span> <span class='ocrx_word' id='word_1_225' title='bbox 303 3181 329 3229; x_wconf 95' lang='lat' dir='ltr'><strong>in</strong></span> <span class='ocrx_word' id='word_1_226' title='bbox 347 3181 437 3231; x_wconf 74' lang='lat' dir='ltr'><strong>cra-u.</strong></span> <span class='ocrx_word' id='word_1_227' title='bbox 449 3195 506 3245; x_wconf 77' lang='lat' dir='ltr'><strong>esp.</strong></span> <span class='ocrx_word' id='word_1_228' title='bbox 518 3186 559 3230; x_wconf 79' lang='lat'><strong>25.</strong></span> <span class='ocrx_word' id='word_1_229' title='bbox 585 3177 653 3228; x_wconf 85' lang='lat' dir='ltr'><strong>Vide</strong></span> <span class='ocrx_word' id='word_1_230' title='bbox 693 3179 769 3227; x_wconf 77' lang='lat' dir='ltr'><strong>idem.</strong></span> 
     </span>
     <span class='ocr_line' id='line_1_30' title="bbox 124 3250 1219 3320; baseline -0.005 -15"><span class='ocrx_word' id='word_1_231' title='bbox 124 3257 263 3306; x_wconf 75' lang='lat' dir='ltr'><strong>Plutarch.</strong></span> <span class='ocrx_word' id='word_1_232' title='bbox 274 3256 301 3304; x_wconf 89' lang='lat' dir='ltr'><strong>io</strong></span> <span class='ocrx_word' id='word_1_233' title='bbox 313 3255 413 3307; x_wconf 67' lang='lat' dir='ltr'><strong>Quart.</strong></span> <span class='ocrx_word' id='word_1_234' title='bbox 426 3256 600 3320; x_wconf 75' lang='lat' dir='ltr'><strong>Rom-quent.</strong></span> <span class='ocrx_word' id='word_1_235' title='bbox 611 3257 652 3303; x_wconf 70' lang='lat'><strong>94.</strong></span> <span class='ocrx_word' id='word_1_236' title='bbox 723 3255 731 3285; x_wconf 70' lang='lat'><em>²</em></span> <span class='ocrx_word' id='word_1_237' title='bbox 748 3252 878 3314; x_wconf 64' lang='lat' dir='ltr'><strong>Iniurium,</strong></span> <span class='ocrx_word' id='word_1_238' title='bbox 891 3251 1032 3315; x_wconf 74' lang='lat' dir='ltr'><strong>perjurium]</strong></span> <span class='ocrx_word' id='word_1_239' title='bbox 1046 3250 1137 3300; x_wconf 76' lang='lat' dir='ltr'><strong>Msiim</strong></span> <span class='ocrx_word' id='word_1_240' title='bbox 1158 3263 1219 3299; x_wconf 86' lang='lat' dir='ltr'><strong>eon·</strong></span> 
     </span>
     <span class='ocr_line' id='line_1_31' title="bbox 124 3323 1218 3393; baseline -0.008 -11"><span class='ocrx_word' id='word_1_241' title='bbox 124 3333 204 3382; x_wconf 75' lang='lat' dir='ltr'><strong>idere.</strong></span> <span class='ocrx_word' id='word_1_242' title='bbox 695 3335 737 3377; x_wconf 74' lang='lat' dir='ltr'><strong>tre</strong></span> <span class='ocrx_word' id='word_1_243' title='bbox 747 3328 801 3393; x_wconf 78' lang='lat' dir='ltr'><strong>jur,</strong></span> <span class='ocrx_word' id='word_1_244' title='bbox 820 3328 861 3377; x_wconf 86' lang='lat' dir='ltr'><strong>rei</strong></span> <span class='ocrx_word' id='word_1_245' title='bbox 881 3327 1002 3390; x_wconf 76' lang='lat' dir='ltr'><strong>injuriose</strong></span> <span class='ocrx_word' id='word_1_246' title='bbox 1022 3323 1117 3376; x_wconf 76' lang='lat' dir='ltr'><strong>suetum</strong></span> <span class='ocrx_word' id='word_1_247' title='bbox 1139 3324 1218 3375; x_wconf 85' lang='lat' dir='ltr'><strong>inter-</strong></span> 
     </span>
     <span class='ocr_line' id='line_1_32' title="bbox 158 3401 1219 3468; baseline -0.008 -11"><span class='ocrx_word' id='word_1_248' title='bbox 158 3415 171 3447; x_wconf 82' lang='lat'><strong>¹³</strong></span> <span class='ocrx_word' id='word_1_249' title='bbox 182 3407 252 3462; x_wconf 72' lang='lat' dir='ltr'><strong>Quod</strong></span> <span class='ocrx_word' id='word_1_250' title='bbox 262 3407 284 3456; x_wconf 76' lang='lat' dir='ltr'><strong>ir</strong></span> <span class='ocrx_word' id='word_1_251' title='bbox 295 3405 403 3456; x_wconf 70' lang='lat' dir='ltr'><strong>uberibus</strong></span> <span class='ocrx_word' id='word_1_252' title='bbox 413 3405 491 3468; x_wconf 74' lang='lat' dir='ltr'><strong>creir]</strong></span> <span class='ocrx_word' id='word_1_253' title='bbox 503 3404 654 3455; x_wconf 69' lang='lat' dir='ltr'><strong>Lactantius</strong></span> <span class='ocrx_word' id='word_1_254' title='bbox 696 3403 807 3466; x_wconf 77' lang='lat' dir='ltr'><strong>proteri:</strong></span> <span class='ocrx_word' id='word_1_255' title='bbox 833 3403 957 3466; x_wconf 73' lang='lat' dir='ltr'><strong>injuntus</strong></span> <span class='ocrx_word' id='word_1_256' title='bbox 979 3409 1065 3451; x_wconf 75' lang='lat' dir='ltr'><strong>eutem</strong></span> <span class='ocrx_word' id='word_1_257' title='bbox 1086 3414 1154 3462; x_wconf 87' lang='lat' dir='ltr'><strong>euru,</strong></span> <span class='ocrx_word' id='word_1_258' title='bbox 1175 3401 1219 3466; x_wconf 87' lang='lat' dir='ltr'><strong>qui</strong></span> 
     </span>
     <span class='ocr_line' id='line_1_33' title="bbox 124 3476 1172 3546; baseline -0.006 -13"><span class='ocrx_word' id='word_1_259' title='bbox 124 3485 172 3534; x_wconf 86' lang='lat' dir='ltr'><strong>iib.</strong></span> <span class='ocrx_word' id='word_1_260' title='bbox 184 3483 217 3532; x_wconf 90' lang='lat' dir='ltr'><strong>de</strong></span> <span class='ocrx_word' id='word_1_261' title='bbox 229 3481 295 3532; x_wconf 74' lang='lat' dir='ltr'><strong>inies</strong></span> <span class='ocrx_word' id='word_1_262' title='bbox 305 3483 379 3546; x_wconf 69' lang='lat' dir='ltr'><strong>relig.</strong></span> <span class='ocrx_word' id='word_1_263' title='bbox 391 3481 472 3530; x_wconf 77' lang='lat' dir='ltr'><strong>tradit</strong></span> <span class='ocrx_word' id='word_1_264' title='bbox 483 3481 655 3544; x_wconf 76' lang='lat' dir='ltr'><strong>AEscuinpiuur</strong></span> <span class='ocrx_word' id='word_1_265' title='bbox 695 3492 746 3528; x_wconf 90' lang='lat' dir='ltr'><strong>non</strong></span> <span class='ocrx_word' id='word_1_266' title='bbox 760 3478 869 3542; x_wconf 78' lang='lat' dir='ltr'><strong>Jnrevit,</strong></span> <span class='ocrx_word' id='word_1_267' title='bbox 882 3476 1021 3541; x_wconf 75' lang='lat' dir='ltr'><strong>significet.</strong></span> <span class='ocrx_word' id='word_1_268' title='bbox 1038 3476 1097 3526; x_wconf 77' lang='lat' dir='ltr'><strong>Art.</strong></span> <span class='ocrx_word' id='word_1_269' title='bbox 1107 3480 1172 3538; x_wconf 72' lang='lat' dir='ltr'><strong>Arg.</strong></span> 
     </span>
     <span class='ocr_line' id='line_1_34' title="bbox 125 3551 1218 3616; baseline -0.007 -6"><span class='ocrx_word' id='word_1_270' title='bbox 125 3563 199 3611; x_wconf 80' lang='lat' dir='ltr'><strong>lecte</strong></span> <span class='ocrx_word' id='word_1_271' title='bbox 210 3559 301 3608; x_wconf 75' lang='lat' dir='ltr'><strong>canino</strong></span> <span class='ocrx_word' id='word_1_272' title='bbox 312 3558 445 3613; x_wconf 84' lang='lat' dir='ltr'><strong>nutritum,</strong></span> <span class='ocrx_word' id='word_1_273' title='bbox 458 3556 561 3606; x_wconf 87' lang='lat' dir='ltr'><strong>Cirironi</strong></span> <span class='ocrx_word' id='word_1_274' title='bbox 577 3555 655 3605; x_wconf 75' lang='lat' dir='ltr'><strong>trodi-</strong></span> <span class='ocrx_word' id='word_1_275' title='bbox 729 3555 853 3614; x_wconf 65' lang='lat' dir='ltr'><strong>iniurium,</strong></span> <span class='ocrx_word' id='word_1_276' title='bbox 879 3551 1018 3616; x_wconf 62' lang='lat' dir='ltr'><strong>perierim]</strong></span> <span class='ocrx_word' id='word_1_277' title='bbox 1038 3551 1091 3602; x_wconf 70' lang='lat' dir='ltr'><strong>,Sin</strong></span> <span class='ocrx_word' id='word_1_278' title='bbox 1112 3552 1218 3616; x_wconf 84' lang='lat' dir='ltr'><strong>injurus,</strong></span> 
     </span>
     <span class='ocr_line' id='line_1_35' title="bbox 125 3629 1219 3696; baseline -0.005 -12"><span class='ocrx_word' id='word_1_279' title='bbox 125 3645 199 3696; x_wconf 86' lang='lat' dir='ltr'><strong>rum;</strong></span> <span class='ocrx_word' id='word_1_280' title='bbox 217 3634 249 3684; x_wconf 78' lang='lat' dir='ltr'><strong>eb</strong></span> <span class='ocrx_word' id='word_1_281' title='bbox 265 3633 321 3696; x_wconf 82' lang='lat' dir='ltr'><strong>ipro</strong></span> <span class='ocrx_word' id='word_1_282' title='bbox 333 3633 446 3682; x_wconf 83' lang='lat' dir='ltr'><strong>Chirone</strong></span> <span class='ocrx_word' id='word_1_283' title='bbox 458 3639 540 3682; x_wconf 84' lang='lat' dir='ltr'><strong>ertem</strong></span> <span class='ocrx_word' id='word_1_284' title='bbox 550 3630 655 3682; x_wconf 86' lang='lat' dir='ltr'><strong>medeo-</strong></span> <span class='ocrx_word' id='word_1_285' title='bbox 696 3633 823 3695; x_wconf 76' lang='lat' dir='ltr'><strong>perjurus,</strong></span> <span class='ocrx_word' id='word_1_286' title='bbox 835 3631 923 3681; x_wconf 81' lang='lat' dir='ltr'><strong>Pinnt.</strong></span> <span class='ocrx_word' id='word_1_287' title='bbox 942 3630 1016 3680; x_wconf 76' lang='lat' dir='ltr'><strong>Pers.</strong></span> <span class='ocrx_word' id='word_1_288' title='bbox 1027 3634 1068 3680; x_wconf 69' lang='grc' dir='ltr'><strong>υ.</strong></span> <span class='ocrx_word' id='word_1_289' title='bbox 1083 3629 1092 3657; x_wconf 83' lang='lat'>‘</span> <span class='ocrx_word' id='word_1_290' title='bbox 1104 3629 1219 3693; x_wconf 81' lang='lat' dir='ltr'><strong>Impure,</strong></span> 
     </span>
     <span class='ocr_line' id='line_1_36' title="bbox 125 3701 1220 3770; baseline -0.009 -10"><span class='ocrx_word' id='word_1_291' title='bbox 125 3712 154 3760; x_wconf 90' lang='lat' dir='ltr'><strong>di</strong></span> <span class='ocrx_word' id='word_1_292' title='bbox 165 3710 247 3760; x_wconf 77' lang='lat' dir='ltr'><strong>fuisse</strong></span> <span class='ocrx_word' id='word_1_293' title='bbox 259 3708 388 3758; x_wconf 76' lang='lat' dir='ltr'><strong>edoctum.</strong></span> <span class='ocrx_word' id='word_1_294' title='bbox 406 3708 481 3757; x_wconf 71' lang='lat' dir='ltr'><strong>leem.</strong></span> <span class='ocrx_word' id='word_1_295' title='bbox 695 3706 839 3768; x_wconf 84' lang='lat' dir='ltr'><strong>inhoneste,</strong></span> <span class='ocrx_word' id='word_1_296' title='bbox 854 3707 947 3770; x_wconf 84' lang='lat' dir='ltr'><strong>injure,</strong></span> <span class='ocrx_word' id='word_1_297' title='bbox 959 3706 1038 3768; x_wconf 79' lang='lat' dir='ltr'><strong>inies,</strong></span> <span class='ocrx_word' id='word_1_298' title='bbox 1048 3705 1119 3755; x_wconf 77' lang='lat' dir='ltr'><strong>labes</strong></span> <span class='ocrx_word' id='word_1_299' title='bbox 1131 3701 1220 3768; x_wconf 68' lang='lat' dir='ltr'><strong>popli!</strong></span> 
     </span>
     <span class='ocr_line' id='line_1_37' title="bbox 160 3779 760 3844; baseline -0.005 -15"><span class='ocrx_word' id='word_1_300' title='bbox 160 3783 259 3834; x_wconf 77' lang='lat' dir='ltr'><strong>anie</strong></span> <span class='ocrx_word' id='word_1_301' title='bbox 277 3784 376 3844; x_wconf 61' lang='lat' dir='ltr'><strong>surina</strong></span> <span class='ocrx_word' id='word_1_302' title='bbox 399 3780 589 3843; x_wconf 75' lang='lat' dir='ltr'><strong>immolabuntur]</strong></span> <span class='ocrx_word' id='word_1_303' title='bbox 612 3779 656 3830; x_wconf 75' lang='lat' dir='ltr'><strong>ste</strong></span> <span class='ocrx_word' id='word_1_304' title='bbox 696 3780 760 3829; x_wconf 77' lang='lat' dir='ltr'><strong>Due.</strong></span> 
     </span>
     <span class='ocr_line' id='line_1_38' title="bbox 125 3851 1214 3920; baseline -0.013 -6"><span class='ocrx_word' id='word_1_305' title='bbox 125 3865 261 3920; x_wconf 71' lang='lat' dir='ltr'><strong>Sumeret,</strong></span> <span class='ocrx_word' id='word_1_306' title='bbox 280 3859 307 3907; x_wconf 92' lang='lat' dir='ltr'><strong>in</strong></span> <span class='ocrx_word' id='word_1_307' title='bbox 329 3857 460 3907; x_wconf 78' lang='lat' dir='ltr'><strong>Phaedone</strong></span> <span class='ocrx_word' id='word_1_308' title='bbox 481 3855 609 3916; x_wconf 74' lang='lat' dir='ltr'><strong>Plutonis,</strong></span> <span class='ocrx_word' id='word_1_309' title='bbox 629 3868 657 3904; x_wconf 87' lang='lat' dir='ltr'><strong>re</strong></span> <span class='ocrx_word' id='word_1_310' title='bbox 728 3851 976 3916; x_wconf 61' lang='lat' dir='ltr'><strong>*lanquenrmu’ro</strong></span> <span class='ocrx_word' id='word_1_311' title='bbox 988 3851 1074 3901; x_wconf 78' lang='lat' dir='ltr'><strong>vineto</strong></span> <span class='ocrx_word' id='word_1_312' title='bbox 1083 3857 1112 3901; x_wconf 86' lang='lat' dir='ltr'><strong>et</strong></span> <span class='ocrx_word' id='word_1_313' title='bbox 1122 3852 1214 3901; x_wconf 81' lang='lat' dir='ltr'><strong>seinte·</strong></span> 
     </span>
     <span class='ocr_line' id='line_1_39' title="bbox 126 3926 1220 4002; baseline -0.013 -14"><span class='ocrx_word' id='word_1_314' title='bbox 126 3939 224 4002; x_wconf 71' lang='lat' dir='ltr'><strong>gutinrn</strong></span> <span class='ocrx_word' id='word_1_315' title='bbox 236 3933 334 3984; x_wconf 81' lang='lat' dir='ltr'><strong>debere</strong></span> <span class='ocrx_word' id='word_1_316' title='bbox 347 3932 492 3995; x_wconf 77' lang='lat' dir='ltr'><strong>AErcuinnio</strong></span> <span class='ocrx_word' id='word_1_317' title='bbox 507 3929 607 3979; x_wconf 84' lang='lat' dir='ltr'><strong>medico</strong></span> <span class='ocrx_word' id='word_1_318' title='bbox 619 3929 656 3977; x_wconf 91' lang='lat' dir='ltr'><strong>di·</strong></span> <span class='ocrx_word' id='word_1_319' title='bbox 698 3929 766 3978; x_wconf 86' lang='grc' dir='ltr'>Νιιιι</span> <span class='ocrx_word' id='word_1_320' title='bbox 776 3927 925 3990; x_wconf 73' lang='lat' dir='ltr'><strong>praepositio</strong></span> <span class='ocrx_word' id='word_1_321' title='bbox 935 3926 962 3974; x_wconf 82' lang='grc' dir='ltr'><strong>ιἰι</strong></span> <span class='ocrx_word' id='word_1_322' title='bbox 974 3926 1100 3990; x_wconf 72' lang='lat' dir='ltr'><strong>privative</strong></span> <span class='ocrx_word' id='word_1_323' title='bbox 1108 3926 1220 3990; x_wconf 77' lang='lat' dir='ltr'><strong>eliquen-</strong></span> 
     </span>
     <span class='ocr_line' id='line_1_40' title="bbox 126 3999 1220 4076; baseline -0.016 -11"><span class='ocrx_word' id='word_1_324' title='bbox 126 4015 177 4072; x_wconf 79' lang='grc' dir='ltr'><strong>οἰι,</strong></span> <span class='ocrx_word' id='word_1_325' title='bbox 188 4009 259 4076; x_wconf 87' lang='lat' dir='ltr'><strong>quod</strong></span> <span class='ocrx_word' id='word_1_326' title='bbox 278 4007 361 4072; x_wconf 76' lang='lat' dir='ltr'><strong>goiim</strong></span> <span class='ocrx_word' id='word_1_327' title='bbox 378 4007 416 4056; x_wconf 87' lang='lat' dir='ltr'><strong>iiii</strong></span> <span class='ocrx_word' id='word_1_328' title='bbox 434 4005 541 4056; x_wconf 75' lang='lat' dir='ltr'><strong>meteri</strong></span> <span class='ocrx_word' id='word_1_329' title='bbox 552 4017 656 4054; x_wconf 80' lang='lat' dir='ltr'><strong>conene-</strong></span> <span class='ocrx_word' id='word_1_330' title='bbox 697 4003 740 4065; x_wconf 86' lang='lat' dir='ltr'><strong>do,</strong></span> <span class='ocrx_word' id='word_1_331' title='bbox 759 3999 896 4066; x_wconf 85' lang='lat' dir='ltr'><strong>niiqnoudo</strong></span> <span class='ocrx_word' id='word_1_332' title='bbox 912 4000 989 4049; x_wconf 75' lang='lat' dir='ltr'><strong>etiam</strong></span> <span class='ocrx_word' id='word_1_333' title='bbox 1008 3999 1144 4050; x_wconf 71' lang='lat' dir='ltr'><strong>intentive.</strong></span> <span class='ocrx_word' id='word_1_334' title='bbox 1177 4000 1220 4048; x_wconf 76' lang='lat' dir='ltr'><strong>Iu·</strong></span> 
     </span>
     <span class='ocr_line' id='line_1_41' title="bbox 126 4075 1220 4141; baseline -0.012 -1"><span class='ocrx_word' id='word_1_335' title='bbox 126 4091 206 4141; x_wconf 75' lang='lat' dir='ltr'><strong>verit.</strong></span> <span class='ocrx_word' id='word_1_336' title='bbox 224 4087 300 4135; x_wconf 70' lang='lat' dir='ltr'><strong>Iden.</strong></span> <span class='ocrx_word' id='word_1_337' title='bbox 696 4081 816 4140; x_wconf 60' lang='lat' dir='ltr'><strong>muretus</strong></span> <span class='ocrx_word' id='word_1_338' title='bbox 836 4083 923 4127; x_wconf 80' lang='lat' dir='ltr'><strong>temen</strong></span> <span class='ocrx_word' id='word_1_339' title='bbox 942 4075 1037 4140; x_wconf 71' lang='lat' dir='ltr'><strong>sepius</strong></span> <span class='ocrx_word' id='word_1_340' title='bbox 1054 4090 1102 4140; x_wconf 85' lang='lat' dir='ltr'><strong>pro</strong></span> <span class='ocrx_word' id='word_1_341' title='bbox 1124 4075 1220 4127; x_wconf 78' lang='lat' dir='ltr'><strong>vineto.</strong></span> 
     </span>
    </p>
   </div>
   <div class='ocr_carea' id='block_1_5' title="bbox 127 4153 771 4302">
    <p class='ocr_par' dir='ltr' id='par_1_10' title="bbox 127 4153 771 4302">
     <span class='ocr_line' id='line_1_42' title="bbox 161 4153 771 4224; baseline -0.016 -11"><span class='ocrx_word' id='word_1_342' title='bbox 161 4158 556 4224; x_wconf 66' lang='lat' dir='ltr'><strong>*runt-nuntreenrincnorre.</strong></span> <span class='ocrx_word' id='word_1_343' title='bbox 581 4153 657 4203; x_wconf 87' lang='lat' dir='ltr'><strong>Unde</strong></span> <span class='ocrx_word' id='word_1_344' title='bbox 697 4154 771 4203; x_wconf 75' lang='lat' dir='ltr'><strong>Idem.</strong></span> 
     </span>
     <span class='ocr_line' id='line_1_43' title="bbox 127 4229 657 4302; baseline -0.03 -10"><span class='ocrx_word' id='word_1_345' title='bbox 127 4241 226 4292; x_wconf 74' lang='lat' dir='ltr'><strong>irritim</strong></span> <span class='ocrx_word' id='word_1_346' title='bbox 238 4235 353 4302; x_wconf 80' lang='lat' dir='ltr'><strong>proprie,</strong></span> <span class='ocrx_word' id='word_1_347' title='bbox 365 4247 416 4298; x_wconf 87' lang='lat' dir='ltr'><strong>qno</strong></span> <span class='ocrx_word' id='word_1_348' title='bbox 427 4232 489 4298; x_wconf 86' lang='lat' dir='ltr'><strong>qnid</strong></span> <span class='ocrx_word' id='word_1_349' title='bbox 501 4230 601 4296; x_wconf 79' lang='lat' dir='ltr'><strong>incipit.</strong></span> <span class='ocrx_word' id='word_1_350' title='bbox 621 4229 657 4277; x_wconf 85' lang='lat' dir='ltr'><strong>Ut</strong></span> 
     </span>
    </p>
   </div>
   <div class='ocr_carea' id='block_1_6' title="bbox 0 0 1507 4890">
    <p class='ocr_par' dir='ltr' id='par_1_11' title="bbox 0 0 1507 4890">
     <span class='ocr_line' id='line_1_44' title="bbox 0 0 1507 4890; baseline 0 0"><span class='ocrx_word' id='word_1_351' title='bbox 0 0 1507 4890; x_wconf 95' lang='lat' dir='ltr'><strong> </strong></span> 
     </span>
    </p>
   </div>
  </div>
 </body>
</html>
