2980 4888
667 490 715 540 De

334 655 407 743 Μ.
445 653 716 745 vertero
768 651 1052 746 snscco.
1162 775 1167 782 ι

150 955 345 1045 Vannius
360 978 535 1043 unrocus
549 977 724 1043 libertinus
739 977 880 1043 docendi
895 995 1014 1060 genere
1028 977 1172 1044 maxime
1186 979 1237 1044 in·

152 1081 292 1145 claruit:
314 1099 456 1163 namque
470 1080 513 1144 ad
529 1079 745 1144 exercitanda
758 1079 961 1144 discentium
979 1079 1110 1162 ingenia
1124 1098 1237 1163 arqua-

149 1181 200 1245 lee
214 1183 300 1246 iuter
312 1201 348 1245 se
363 1182 565 1248 committere
581 1181 723 1258 solebat,
737 1181 913 1265 proposita
926 1200 992 1245 uon
1007 1181 1115 1245 solum
1130 1187 1235 1245 mate-

150 1283 210 1358 ria,
225 1300 325 1365 quam
338 1282 528 1358 scriberent,
540 1282 602 1347 seri
623 1288 658 1346 et
678 1269 828 1366 praemio,
845 1281 935 1365 quod
952 1283 1060 1348 victor
1075 1279 1236 1346 auferret:

149 1383 186 1446 id
205 1389 276 1447 erat
297 1382 380 1448 liber
402 1383 525 1466 aliquis
545 1384 713 1467 antiquus,
731 1383 879 1466 pulcher,
893 1390 952 1452 aut
965 1384 1079 1447 rarior.
1123 1380 1236 1460 Quare

152 1485 195 1548 ah
207 1482 358 1567 Augusto
366 1503 502 1568 quoque
514 1485 693 1569 nepotibus
707 1485 780 1568 ejus
792 1491 979 1567 praeceptor
992 1484 1120 1556 ¹electus
1130 1490 1236 1546 trans·

151 1586 191 1649 iit
203 1586 239 1649 in
260 1583 426 1668 palatium
445 1603 522 1650 cum
539 1589 609 1650 tota
623 1584 759 1649 schola:
782 1603 897 1650 verum
916 1593 954 1649 ut
971 1603 1077 1668 neque
1091 1584 1237 1668 amplius

150 1685 294 1769 posthac
309 1685 509 1768 discipulum
525 1681 693 1767 reciperet.
731 1685 926 1769 Docuitque
936 1686 970 1748 iu
985 1683 1071 1748 atrio
1087 1682 1238 1750 Gentinos

148 1783 278 1862 domus,
292 1803 370 1867 quae
392 1803 471 1867 pars
492 1783 608 1867 palatii
630 1790 708 1848 tuuc
731 1788 812 1862 erut,
827 1793 861 1849 et
879 1785 1033 1849 sestertia
1046 1790 1187 1849 centena
1201 1783 1237 1846 in

149 1903 271 1949 annum
308 1885 453 1968 accepit.
513 1885 668 1949 Decessit
697 1885 808 1950 aetatis
837 1893 970 1950 exactae
999 1885 1063 1948 sub
1091 1881 1237 1948 Tiberio.

148 1987 302 2052 Statuam
323 1986 422 2050 hebet
449 1985 636 2050 Praeneste¹
665 1987 701 2050 in
725 1985 876 2051 inferiore
904 1985 966 2050 sori
996 1993 1094 2069 parte
1121 1993 1238 2051 contra

148 2085 378 2169 hemicyclum,
397 2084 448 2149 ‘in
473 2104 541 2168 quo
567 2084 675 2149 fastos
697 2104 719 2149 a
744 2104 782 2149 se
804 2085 973 2150 ordinatos
996 2093 1031 2148 et
1053 2103 1237 2150 marmoreo

149 2187 270 2269 parieti
285 2179 409 2251 incisos
422 2185 617 2269 publicarat.
656 2181 709 2248 Es
726 2181 810 2249 Suet.
825 2183 862 2248 de
878 2181 1110 2252 Grammaticis.

191 2352 389 2420 Scribonius
397 2354 636 2439 Aphrodisius,
652 2353 774 2418 Orbilii
787 2373 903 2420 seruus
914 2362 1022 2438 ‘atque
1037 2353 1235 2439 discipulus,

148 2475 232 2521 mox
254 2476 276 2520 a
301 2457 476 2522 Scribonia
500 2454 639 2520 Libonis
662 2453 743 2532 lilia,
769 2474 845 2538 quae
870 2455 961 2537 prior
987 2454 1130 2537 Augusti
1153 2473 1238 2519 uxor

146 2556 264 2632 fuerat,
285 2557 460 2634 redemtus,
478 2561 513 2620 et
530 2556 766 2633 manumissus,
782 2554 979 2638 docuitque
991 2555 1133 2620 Verrius
1154 2561 1237 2619 tem-

148 2675 247 2739 pore:
261 2657 359 2740 cujus
372 2657 473 2722 etiam
485 2656 585 2721 libros
596 2656 640 2721 de
650 2654 895 2738 Orthographia
907 2655 1075 2738 rescripsit
1084 2675 1148 2721 unu
1163 2657 1236 2720 sine
1329 2673 1338 2700 ⁴

148 2758 368 2823 insectatione
384 2757 578 2834 studiorum,
595 2773 786 2837 morumque
801 2753 884 2838 ejus.
926 2751 981 2858 'Es
997 2751 1125 2820 Eodem.

191 2925 347 2992 Marcum
358 2922 493 3009 quidem
508 2922 701 3002 Antonium,
712 2931 750 2988 ut
765 2922 927 3002 insenum,
940 2925 1090 3009 increpat
1103 2922 1237 3006 Augus·

7 3093 9 3132 Β
148 3032 215 3103 tus,
237 3027 335 3111 quasi
360 3044 404 3091 ec
422 3026 635 3100 scribentem,
658 3025 918 3107 quaamirentur
941 3026 1054 3108 potins
1080 3023 1238 3100 homines,

7 3183 8 3216 ,
148 3144 250 3208 quam
274 3127 469 3208 intelligant,
492 3128 553 3195 &c
596 3125 716 3207 Tuque
741 3123 887 3201 dubitas,
914 3124 1035 3206 inquit,
1060 3121 1236 3190 Gimbeme

147 3225 293 3304 Annius,
305 3243 347 3289 an
356 3224 495 3290 Verrius
510 3225 655 3290 maccus
669 3222 819 3286 imitandi
834 3223 904 3287 sint
916 3222 987 3306 tibi,
1003 3223 1050 3288 ita
1062 3228 1102 3288 nt
1113 3224 1237 3302 verbis,

147 3345 224 3410 ,qum
240 3325 380 3410 Crispus
404 3325 585 3392 Sallustius
611 3324 784 3408 excerpsit
808 3343 855 3388 ex
877 3323 1060 3404 originibus
1085 3323 1237 3401 Catonis,

7 3477 9 3502 ,
148 3427 282 3492 uariat
304 3443 347 3489 an
361 3425 472 3509 potius
484 3425 711 3490 Asiaticorum
722 3426 889 3487 oratorum
900 3423 1053 3491 inanibus
1066 3423 1238 3488 senteutiis

150 3524 532 3590 uerborumvoluhilitcs
554 3524 587 3588 in
606 3529 757 3588 nostrum
783 3540 964 3587 sermonem
986 3523 1237 3590 transiereudal

147 3621 202 3694 ,Er
218 3622 301 3693 Eud.
315 3624 401 3710 Aug.
414 3624 469 3692 86.

192 3795 283 3859 Aute
297 3793 425 3857 obitum
440 3789 584 3874 Augusti
606 3809 693 3855 anuo
716 3796 834 3874 quarto
848 3788 1081 3857 Athenodorus
1095 3791 1237 3854 Tarsen-

151 3896 196 3958 sis
210 3893 341 3958 stoicus
355 3890 592 3974 Philosophus,
606 3896 640 3954 et
663 3889 713 3954 Μ.
728 3890 867 3955 Verrius
889 3889 1034 3956 Flaccus
1051 3893 1237 3974 grammati·

153 4012 223 4072 cus,
235 3991 380 4075 insignes
394 3990 562 4055 habentur.
607 3985 660 4052 Ec
675 3985 789 4056 Bacch.
803 3988 838 4052 in
855 3985 969 4054 Cluen.

449 4149 461 4196 l
480 4143 531 4194 Alii
540 4159 584 4212 pro
599 4144 676 4196 veae
686 4145 754 4211 conj·
765 4149 832 4196 teste
843 4141 941 4207 serug.
