2984 4892
259 409 305 456 nn
331 375 539 458 vnunouuu
564 407 876 458 sreurrrounroun
901 409 974 457 bru.
998 408 1069 457 xu.
1152 393 1216 459 481

169 550 256 616 libro
270 561 411 635 quarto:
435 552 504 616 Hic
520 553 575 616 ubi
590 551 709 617 nictari
724 558 889 635 nequeunt
908 551 1128 635 insistereque
1145 553 1216 618 alis.

173 652 330 718 (lucilius
357 654 392 718 in
408 654 595 738 Hymnider
618 654 770 719 Garrulis
798 653 968 718 medentes
989 653 1117 735 Jucteut
1144 655 1216 720 sine

172 753 332 819 nictentur
344 757 489 837 perticis.
532 755 667 821 Nouius
682 757 717 819 iu
732 753 930 832 Manchooo,
947 754 1042 820 Pone
1057 759 1219 834 actutum,

172 855 302 931 scribit,
316 875 391 920 cum
404 856 437 919 in
450 875 554 920 nervo
569 856 739 920 uictabore
749 865 783 920 :4
804 855 890 918 uude
912 857 1049 939 quidam
1063 858 1218 921 nictatio·

172 975 255 1032 nem,
266 955 402 1038 quidam
415 956 553 1033 nictum,
565 961 602 1018 ul
611 954 771 1020 Coecilins
787 958 821 1019 iu
833 957 944 1041 pugile
959 964 989 1022 :⁵
1001 965 1015 992 ⁰
1036 957 1123 1022 Tum
1136 959 1219 1022 inter

172 1056 376 1120 laudandum
397 1055 482 1120 hunc
503 1055 657 1120 timidum
680 1058 829 1121 tremulis
851 1058 1019 1140 palpebris
1043 1057 1219 1122 Percntare
1324 1043 1326 1048 ¹

174 1158 286 1234 nictu;
308 1155 362 1220 hic
386 1156 528 1238 gaudere
543 1165 579 1219 et
592 1157 752 1221 mirarier.
796 1156 829 1220 N
832 1157 905 1221 ictit
924 1158 1018 1222 oanis
1032 1157 1066 1220 in
1080 1158 1219 1223 odoran-

173 1255 226 1320 dis
241 1257 382 1321 serarum
404 1257 554 1338 uestigiis
569 1257 687 1322 leviter
709 1258 881 1339 ganniens
897 1264 936 1323 ut
949 1259 1071 1322 Ennius
1086 1260 1120 1322 in
1135 1258 1220 1324 libro

176 1373 215 1420 x.
232 1359 336 1422 veluti
355 1357 521 1442 siquando
537 1357 678 1422 vinculis
694 1359 850 1423 venatica
864 1357 1041 1423 renen0x⁶
1063 1367 1144 1441 apta
1165 1379 1217 1424 so·

173 1457 231 1535 let,
248 1459 278 1523 si
292 1458 379 1523 sorte
392 1477 436 1522 ex
457 1479 535 1524 nare
557 1461 671 1540 sagaci
687 1461 802 1537 sensit,
819 1480 903 1525 voce
918 1480 979 1526 sua
1002 1461 1125 1538 nictit,⁷
1147 1461 1221 1526 ulu-

173 1557 298 1643 larque,
313 1560 363 1624 ibi
378 1567 480 1626 acuta
494 1565 554 1624 est.
593 1559 717 1652 Unde⁸
741 1562 820 1644 ipsa
834 1563 1005 1643 gannitio?

132 1659 296 1725 Niutare‘¹
317 1667 368 1724 est
377 1662 548 1726 oculorum
559 1665 593 1725 ot
605 1661 748 1724 aliorum
761 1664 980 1728 membrorum
992 1663 1066 1727 nisu
1087 1665 1222 1746 [Paua.

174 1779 268 1842 saepe
305 1760 431 1844 aliquid
471 1761 610 1825 conari:
646 1762 789 1826 dicimus
825 1764 913 1827 enim
950 1765 1160 1829 nictationom
1187 1773 1222 1829 et

174 1862 314 1940 nictum,
343 1862 522 1928 Caecilius:
547 1863 647 1927 Hunc
673 1865 822 1929 tremulis
850 1864 1021 1948 palpebris
1045 1865 1222 1930 Percntare

175 1964 279 2028 nictu.
325 1962 433 2028 Nictit
454 1964 567 2028 canis*
581 1964 613 2027 iu
628 1961 803 2030 odorandis
819 1966 962 2031 ferarum
978 1965 1125 2048 vestigiis
1139 1965 1223 2030 leni-

178 2072 228 2129 ter
252 2066 422 2144 ganniens.
465 2064 609 2128 Ennius:
645 2063 735 2130 Nure
763 2069 879 2149 sagaci
907 2067 1019 2143 sensit,
1048 2083 1132 2131 voce
1162 2085 1223 2131 sua

178 2165 286 2241 nictit,
301 2165 481 2248 ululatque.
516 2163 613 2228 Unde
628 2171 664 2228 ut
676 2167 837 2246 gannitio.

135 2265 169 2331 N
173 2267 262 2349 igar¹
283 2266 373 2347 lupis
388 2266 421 2328 in
438 2265 575 2330 comitio
590 2265 698 2330 locum
714 2268 881 2334 funestum
903 2267 1078 2352 significat,
1099 2265 1224 2353 [Fnsr.

585 2443 615 2464 u
616 2443 733 2465 ‘‘‘‘‘‘‘
734 2445 764 2464 Ν

168 2564 186 2608 t
202 2557 269 2606 Vide
283 2556 374 2606 Nutar.
395 2557 457 2606 Vnt.
469 2555 513 2606 uu.
524 2557 596 2608 scrib.
614 2559 674 2608 Ver.
686 2558 743 2608 cod.
754 2559 849 2623 auulsa,
862 2565 889 2609 et
906 2571 964 2609 moa
981 2558 1158 2608 aestubus-u
1177 2554 1225 2606 Ed.

132 2623 205 2672 Seal.
215 2622 375 2685 pugilem-u
385 2621 432 2668 l'ir
442 2620 514 2670 doct.
525 2621 551 2668 iu
563 2637 643 2685 marg.
651 2623 768 2685 ejusdem
780 2624 821 2673 ed.
833 2623 940 2687 conjicit
950 2625 1079 2674 nemu-⁷
1096 2621 1156 2670 Vet.
1166 2619 1226 2670 nod.

134 2687 262 2738 uteru-s
278 2683 390 2738 Quidam
402 2683 446 2736 lib.
458 2690 483 2734 et
492 2687 559 2734 rade.
586 2687 646 2736 Ver.
657 2686 715 2737 uod.
724 2692 748 2736 rt
758 2687 820 2738 iude.

629 2862 653 2913 N
657 2863 735 2915 O'l'AE

171 2981 184 3009 ⁰
202 2973 312 3025 cautior
329 2974 356 3021 la
373 2971 464 3036 pugile]
502 2973 565 3037 Ejua
586 2972 667 3022 verba
704 2977 761 3025 solat
772 2976 1022 3038 cuut‚sorteserumar'
1035 2991 1066 3025 es
1081 2975 1244 3037 mesagna,

137 3056 263 3114 corrupta
280 3050 406 3112 suspicor,
425 3056 453 3098 et
469 3046 556 3098 forsan
573 3048 610 3097 lm
629 3049 666 3098 le·
706 3051 797 3110 sarit,
811 3068 865 3102 nuce
883 3069 927 3102 aru
947 3052 1031 3114 sicut,
1047 3052 1176 3112 ululatque·
1193 3050 1228 3098 r'br'

136 3129 239 3194 ganda:
259 3125 318 3178 tam
331 3129 394 3178 later
403 3129 544 3178 huduadruu
553 3127 592 3176 bie
602 3127 666 3176 timi·
704 3132 778 3176 urale.
794 3128 876 3190 ‘Apta
887 3128 972 3177 vinclo
984 3125 1066 3188 ιὸἐιιο,Ι
1077 3132 1116 3174 est
1125 3125 1228 3186 juncta,

136 3209 183 3256 dua
202 3205 312 3255 tremulus
327 3205 449 3267 palpebras
461 3203 666 3266 mannariola,
706 3216 823 3252 connexa
833 3203 924 3252 vinclo.
958 3201 1019 3249 Cuai
1030 3213 1076 3262 pro
1086 3199 1159 3246 enain
1192 3197 1229 3248 ut

139 3283 179 3331 lie
196 3281 317 3342 guadere:
333 3281 435 3342 supple,
452 3279 528 3342 cupit,
546 3278 587 3327 rel
605 3278 667 3326 laur
706 3273 825 3326 Gifuuiua
844 3277 960 3341 legebat:
990 3273 1077 3336 Veluti,
1096 3273 1118 3320 al
1138 3273 1231 3333 quurdu

139 3358 251 3408 tlara'daua
273 3357 393 3414 tremulus.
416 3358 456 3419 ur.
475 3355 535 3404 laaar
549 3355 663 3417 guadere:
708 3353 790 3402 unctu
808 3353 916 3403 namura
933 3365 1008 3401 uranx
1037 3347 1103 3412 Apta
1122 3345 1187 3402 relat,
1207 3347 1231 3394 al

139 3435 233 3497 supple
244 3433 332 3481 uideor.
349 3431 432 3481 lderu.
700 3425 1054 3488 sorteseruraeaauraauguci.
1087 3422 1232 3475 Quemnou

173 3517 188 3552 Ρ
207 3510 275 3560 Uada
285 3509 336 3572 r'pau
343 3505 465 3570 gannitio]
476 3506 506 3556 lu
519 3505 669 3556 nobedis...
708 3518 808 3568 aequor,
819 3502 978 3568 nequeenim
989 3499 1033 3549 illa
1042 3498 1149 3548 usautiea
1158 3511 1233 3547 mun

144 3587 214 3638 Uada
226 3617 350 3634 ........
358 3585 410 3646 lpru
427 3583 545 3642 garritio.
584 3582 667 3646 Lege:
710 3578 812 3643 probari
824 3593 898 3643 posse
909 3576 1030 3627 arbitror.
1047 3577 1109 3624 Due.

140 3663 203 3711 aude
213 3659 312 3708 nictatio
320 3659 372 3722 ipae
381 3651 499 3718 ernusto.
516 3657 598 3706 ldem.
740 3654 859 3718 'Niger1
888 3653 1005 3702 Historia
1033 3649 1106 3700 nubia
1137 3649 1233 3712 ignota.

174 3735 319 3800 uNirlure]
355 3735 431 3783 Ennii
457 3747 559 3784 carmen
581 3733 625 3783 lilr.
644 3747 671 3783 x.
711 3729 770 3778 Au.
785 3729 850 3789 Aug.
1162 3791 1168 3803 .

140 3811 292 3866 mandorum
303 3818 354 3860 eat.
371 3811 504 3872 Aut..lag.
746 3803 835 3866 Niger]
855 3802 963 3865 Nigrum
973 3798 1084 3864 lpideru
1094 3801 1169 3844 muru
1182 3792 1234 3842 llo·

175 3893 186 3920 r
204 3885 369 3948 Nialitcuuia]
389 3883 432 3933 Ob
445 3882 549 3932 odorem
560 3881 671 3931 ferarum
713 3880 774 3928 muli
793 3877 949 3926 destinatum
969 3876 1051 3939 primo
1067 3875 1121 3924 ait:
1138 3871 1234 3923 deiude

141 3960 250 4012 nuribus
265 3957 398 4023 objectum
411 3957 541 4006 oculorum
553 3966 582 4006 et
593 3971 667 4006 urem-
711 3953 858 4002 Faustulum
870 3951 1008 4002 nutricium
1022 3951 1124 4000 Romuli
1137 3951 1234 4004 ibidem

142 4040 251 4088 brorum
262 4037 317 4083 nisu
329 4034 417 4097 gertlt.
438 4034 535 4082 Veraua
547 4032 623 4082 Ennii
634 4033 671 4082 alc
711 4027 849 4092 sepultum.
883 4027 991 4092 Reliqua
1002 4040 1051 4074 neu
1067 4026 1234 4090 assequimur.

142 4112 209 4175 legit
221 4109 317 4172 scalig.
329 4109 354 4154 iu
366 4107 537 4171 conjectunris
555 4105 588 4154 ad
607 4107 670 4154 Vur·
711 4101 835 4167 Lapidem
851 4103 916 4153 huuc
943 4101 1031 4152 altura
1048 4100 1134 4151 ulum
1161 4111 1237 4155 rorat

143 4203 200 4236 rou.
222 4183 604 4246 Aairuuaqaer'apaerturelulrut,
620 4180 672 4229 Vel·
713 4178 852 4242 Dionyaiua
892 4177 1121 4237 Halicarnassum
1161 4181 1236 4242 eujus

142 4261 191 4324 uti,
202 4259 317 4320 alquuadu
328 4257 403 4305 marla
418 4257 524 4307 rraallru
540 4257 597 4306 uiuo
608 4255 673 4317 Apta
715 4253 801 4317 verba,
811 4255 871 4320 quia
882 4259 992 4305 mentem
1006 4254 1075 4304 Furti
1087 4253 1159 4302 uubis
1177 4269 1237 4318 ape·

213 4338 302 4404 napa.
313 4341 335 4386 rt
349 4337 405 4388 Vur.
417 4337 481 4388 cur.
617 4336 700 4400 Pomp.
713 4335 779 4385 Fut.
1113 4339 1129 4384 2
1147 4333 1171 4383 Η
