2984 4892
272 400 336 464 tae
607 413 720 464 enxrr
745 413 899 463 ιοιιιιιι
924 413 1027 463 resur
1056 381 1060 389 ¹

316 554 446 632 Mundo
472 575 592 620 nomen
616 556 811 640 impositum
837 567 889 622 est
912 559 956 623 ab
980 577 1020 622 eo
1035 558 1169 635 mondo,
1183 559 1244 642 qui
1261 577 1370 644 snpra

314 677 377 722 nos
398 665 462 722 est.
522 657 646 722 Forma
666 658 753 722 enim
780 657 855 742 ejus
875 667 928 724 est
953 660 1071 736 exiis,
1094 659 1153 743 qui
1183 662 1369 737 intravere,

314 779 514 846 cognoscere
542 761 663 844 potuit,
689 761 852 826 adsimilis
875 763 953 826 ille⁴
975 765 1048 845 eJ‘us
1074 763 1267 826 interiorem
1290 782 1370 845 par-

314 871 393 942 tem,
420 863 527 930 veluti
556 869 784 929 consecratam
814 863 892 928 Diis
922 865 1074 928 manibus
1104 863 1253 928 clausam
1277 866 1372 928 omni

315 973 474 1050 tempore,
487 966 552 1032 nisi
569 967 613 1030 iis
629 965 758 1042 diebos,
781 967 839 1049 qui
865 986 971 1049 snpra
988 965 1104 1049 scripti
1119 971 1207 1039 sunt,
1219 965 1371 1048 majores

204 1105 207 1114 ν
315 1076 508 1146 censuerant,
532 1087 619 1150 quos
641 1065 714 1130 dies
736 1067 836 1130 etiam
858 1068 1036 1149 religiosos
1053 1067 1303 1150 judicaverunt,
1329 1087 1372 1132 ea

316 1168 357 1234 de
373 1188 488 1248 eausa,
503 1169 595 1255 quod
618 1187 685 1253 quo
703 1175 849 1252 ternpore
871 1188 923 1246 ee,
941 1189 1018 1252 quae
1032 1170 1174 1244 occulte,
1187 1177 1220 1233 et
1232 1169 1371 1247 abdita,

314 1289 355 1336 ea
383 1271 552 1354 religionis
577 1271 725 1336 Deorum
741 1271 886 1335 manium
910 1277 1032 1349 essent,
1058 1272 1160 1334 veluti
1187 1271 1221 1333 in
1250 1271 1369 1334 locem

316 1373 483 1458 quandam
498 1372 747 1450 adducerentur,
762 1380 796 1438 et
809 1373 1021 1457 patelierent:
1044 1373 1125 1436 nibil
1148 1393 1190 1437 eo
1211 1379 1370 1456 tempore

316 1475 350 1542 io
374 1475 546 1558 republica
569 1477 639 1557 geri
659 1475 843 1541 voluerunt.
888 1475 1012 1560 ltaque
1036 1494 1176 1558 percos
1199 1474 1273 1538 dics
1297 1495 1370 1538 non

316 1595 391 1640 cum
412 1574 515 1640 hoste·
536 1596 655 1640 manus
681 1577 919 1640 conserebant:
947 1595 1012 1640 non
1039 1577 1209 1640 exereitus
1238 1575 1371 1638 scribe-

315 1677 433 1742 baturr
453 1697 517 1742 non
533 1678 668 1743 comitia
682 1677 857 1753 habebant,
873 1699 933 1740 uon
951 1675 1041 1740 aliud
1066 1677 1245 1760 quicquam
1271 1677 1305 1738 in
1330 1696 1369 1739 re

313 1777 437 1866 publica
461 1781 526 1846 nisi
546 1779 634 1864 quod
656 1779 773 1844 ultime
795 1780 960 1844 necessitas
976 1779 1188 1854 admonebat,
1204 1776 1369 1842 adminis-

315 1882 473 1947 trabatur.

274 1983 437 2049 Muudum
451 1983 589 2066 gentiles
602 1988 650 2047 ter
664 1985 696 2048 in
713 2001 799 2048 anno
814 1989 930 2066 patere
945 1983 1107 2067 putabant
1123 1980 1192 2044 die·
1222 1981 1367 2064 [Peon.

314 2087 378 2148 bus
392 2085 442 2149 bis
454 2083 617 2167 postridie
626 2083 837 2163 Volcanalia,
854 2091 888 2150 et
899 2094 975 2148 unte
992 2084 1078 2148 diem
1096 2083 1227 2147 tertium
1244 2081 1368 2146 Nonas

315 2185 481 2264 Octobris,
496 2193 530 2250 et
544 2193 619 2250 ante
635 2187 722 2252 diem
737 2194 870 2252 sextum
888 2187 970 2252 Idus
984 2185 1019 2252 N
1020 2185 1208 2250 ovembris:
1229 2185 1368 2248 inferio·

313 2305 381 2350 rem
403 2288 489 2352 enim
510 2287 583 2370 ejus
599 2292 724 2371 partem
746 2295 976 2352 consecratum
999 2288 1076 2352 Diis
1099 2287 1253 2350 manibus
1275 2285 1368 2349 arbi·

313 2395 438 2454 trantes
454 2388 600 2453 clausam
626 2388 714 2451 omni
739 2394 897 2470 tempore,
913 2399 1032 2472 praeter
1050 2388 1113 2452 bos
1133 2387 1219 2464 dies,
1231 2387 1289 2470 qui
1305 2406 1366 2450 sn·

313 2509 375 2574 pra
389 2491 506 2574 scripti
522 2496 611 2554 sunt:
636 2509 719 2574 quos
734 2490 807 2553 dies
822 2492 920 2556 etiarn
936 2492 1110 2573 religiosos
1125 2489 1368 2574 judicaverunt

313 2610 356 2656 ea
370 2589 410 2655 de
425 2611 541 2670 causa,
558 2589 647 2675 qnod
662 2589 715 2654 bis
739 2589 857 2655 diebus
871 2611 925 2669 ea,
940 2609 1017 2676 quse
1034 2591 1177 2667 occulta,
1193 2595 1230 2654 et
1245 2589 1366 2654 abdita

312 2691 476 2774 religionis
488 2694 636 2758 Deorum
649 2693 794 2756 manium
807 2699 933 2770 essent,
945 2694 979 2756 iu
988 2692 1102 2756 lucem
1111 2690 1367 2770 adducerentur,

725 2870 905 2892 eucnemon

301 2978 319 3032 4
335 2971 445 3029 Quidem
457 2971 502 3022 lib.
513 2971 560 3023 tut.

759 3083 866 3135 NDTAE

270 3200 325 3252 Diti
337 3199 405 3264 patri
416 3205 444 3249 et
455 3197 616 3262 Proserpinae
626 3198 738 3250 dicatum
748 3205 797 3262 eet,
836 3199 901 3249 Noa.
919 3198 1003 3249 octob.
1020 3204 1043 3248 rt
1062 3203 1118 3248 rete
1134 3198 1198 3248 dicre
1213 3204 1305 3248 ιιιιιιιιι
1322 3200 1369 3250 u.

269 3277 411 3338 meliusque
439 3275 542 3326 occlusa
572 3275 691 3324 Plrunuir
719 3273 795 3323 leuce
836 3275 949 3326 Noeearb.
974 3274 1062 3324 Erite
1081 3281 1139 3324 eet:
1169 3274 1276 3336 patebat
1294 3275 1369 3324 euim

269 3349 730 3414 eondumadpraelinmputereruut:
749 3363 795 3398 oo·
836 3351 944 3400 mundne
966 3354 990 3399 8.
1013 3350 1073 3402 Kal.
1096 3349 1233 3411 Septemb.
1257 3363 1316 3401 nem
1340 3357 1369 3402 4.

269 3423 302 3474 de
313 3425 433 3476 etVarre
450 3425 486 3474 ite
496 3424 593 3474 ecriblt.
611 3423 724 3472 brianum
737 3437 795 3472 cunr
835 3433 908 3476 erant
919 3425 1078 3474 Volcaualia.
1096 3423 1163 3474 ltere
1179 3429 1203 3476 4.
1218 3423 1287 3474 Non.
1310 3424 1369 3474 De·

268 3503 472 3563 paret,Deornm
481 3501 676 3564 trirtiurnatque
684 3499 792 3562 interum
836 3503 887 3552 tob.
898 3501 924 3552 lrl
936 3510 976 3551 eet
985 3501 1028 3550 die
1039 3504 1064 3550 4.
1077 3499 1175 3552 Octob.
1186 3509 1213 3550 et
1225 3500 1367 3553 antedie-

269 3577 340 3640 qumi
356 3577 438 3639 janna
460 3583 542 3640 patet.
576 3576 724 3638 Propterea
742 3590 793 3624 nen
834 3585 936 3630 eertum
958 3576 1000 3626 ld.
1017 3575 1145 3626 Novemb.
1164 3589 1259 3638 nempe
1279 3580 1305 3624 t.
1322 3574 1369 3624 ld.

267 3651 344 3706 mode
352 3650 613 3716 proeliomcomuritti,
621 3649 793 3700 verumetiam
832 3653 875 3716 qni
884 3650 940 3700 dier
949 3651 1072 3713 septimus
1081 3655 1122 3697 ert
1132 3649 1248 3712 ejusdem
1258 3652 1367 3698 mentia.

268 3729 397 3780 delectam
410 3727 447 3777 rei
458 3726 576 3776 militarie
591 3739 670 3778 eausa
686 3725 792 3788 babere,
832 3726 918 3776 Verba
930 3727 1035 3776 Catonia
1049 3725 1087 3774 ric
1104 3725 1218 3787 legenda
1232 3740 1264 3776 ex
1281 3727 1367 3776 Scati-

268 3802 792 3869 ecrnilitenrprofioieci,navemeolrere,
831 3816 911 3868 gero:
937 3803 1024 3854 Forma
1039 3801 1103 3850 eain
1120 3800 1170 3862 eju
1184 3801 1365 3860 eetnttrsiie,

267 3895 373 3934 uxorem
385 3881 495 3932 liberum
506 3879 701 3945 qruereudouum
713 3890 791 3928 caum
830 3881 870 3942 goi
881 3878 1000 3934 intrauere
1010 3890 1147 3938 mmm
1156 3877 1235 3938 punt,
1244 3877 1365 3926 ababa

266 3953 593 4021 ducerereligioaurnerr!
625 3953 791 4006 Uudererba
830 3953 876 4004 utt
909 3953 1013 4004 Deinde
1035 3953 1086 4014 rjai
1111 3952 1257 4010 inferiorern.
1292 3953 1363 4007 Nem

266 4033 338 4087 Ferri
354 4036 416 4084 retia
433 4033 622 4096 intelliguntur.
653 4031 704 4082 Sed
720 4031 746 4080 ia
760 4030 790 4080 iie
829 4029 890 4086 iude
910 4027 1039 4090 incipiunt
1060 4025 1138 4076 verbe
1157 4026 1239 4076 liceri.
1272 4027 1365 4076 tierri-

266 4108 383 4170 gutedenr
398 4107 722 4171 mutila,qncdemetinur
735 4118 790 4153 cor·
830 4103 913 4168 gendo
940 4103 1018 4150 eriam
1047 4115 1105 4165 qua
1133 4109 1287 4166 sequuntur,
1311 4101 1366 4152 ite.

266 4189 346 4246 rupte
355 4189 423 4232 eunt.
448 4183 534 4246 Atque
545 4181 633 4230 rtatim
645 4180 718 4226 initio
729 4191 790 4240 rup-
831 4179 900 4235 Quod
908 4193 952 4241 que
960 4182 1062 4238 tmpore
1071 4189 1099 4224 ιιι
1109 4190 1162 4238 gae
1171 4177 1268 4226 merite
1278 4179 1302 4224 et
1313 4175 1361 4224 ab·

266 4257 386 4326 piendutn
398 4265 448 4321 eet,
463 4255 584 4306 Postridie
598 4253 742 4316 Veleeuoliu²
753 4266 791 4304 ιι.
830 4255 888 4303 dita
897 4253 1027 4316 religionis,
1037 4253 1077 4314 ξι.
1094 4251 1160 4300 Dec·
