2980 4888
356 743 743 844 EPISTOLA
804 742 1098 840 PAULLI

702 1037 752 1086 ΑΒ

465 1279 730 1358 CAROLUM
771 1277 985 1357 REGEM.

188 1813 338 1880 Divina
353 1816 512 1897 iugitatis
535 1834 679 1893 munere,
694 1814 857 1899 sapientia
870 1815 1089 1898 potentiaque
1104 1807 1277 1897 prefulgi-

187 1913 232 1976 do
246 1915 390 1978 Domino
405 1915 490 1998 Regi
503 1913 625 1980 carolo
640 1915 770 1996 Regum
786 1915 1026 1979 sublimissimo
1040 1913 1182 1978 Paullus
1197 1908 1278 1974 uiti·

186 2031 262 2077 mus
277 2015 440 2078 servulus.
476 2014 624 2098 Cupiens
639 2015 768 2100 aliquid
783 2017 902 2080 vestris
914 2015 1126 2081 bibliothecis
1139 2012 1274 2088 addere,

187 2114 267 2196 quia
288 2133 333 2180 ex
346 2116 482 2198 proprio
494 2135 670 2200 perparum
685 2117 795 2195 valeo,
810 2117 998 2182 necessario
1018 2133 1063 2180 ex
1078 2114 1189 2179 alieno
1203 2132 1277 2176 mn-

189 2213 295 2277 tnari.
339 2213 459 2279 Festus
473 2215 614 2300 deniqne
632 2217 818 2301 Pompeius
832 2215 997 2282 Romanis
1013 2214 1135 2281 studiis
1149 2213 1276 2281 affatim

187 2314 345 2388 eruditus,
368 2321 436 2381 tam
459 2335 645 2382 sermonum
668 2319 867 2394 abditorum,
891 2336 991 2401 quarn
1009 2316 1113 2382 etiarn
1130 2333 1277 2399 quarun-

187 2413 263 2479 dam
278 2434 454 2482 causarum
469 2418 611 2499 origines
630 2421 793 2502 aperiens,
806 2437 892 2502 opus
906 2436 1003 2482 snum
1019 2417 1061 2482 ud
1087 2416 1206 2500 viginti
1220 2435 1278 2479 us·

188 2533 253 2598 qne
266 2517 399 2598 prolixa
412 2520 580 2586 volumina
594 2521 762 2586 extendit:
785 2539 830 2584 ex
843 2536 912 2603 qna
925 2537 987 2602 ego
1007 2518 1203 2599 prolixitate
1219 2535 1276 2580 su-

187 2614 315 2698 perflua
343 2637 495 2702 quaeque,
525 2629 559 2685 et
593 2623 701 2686 minus
728 2621 918 2686 necessaria
938 2619 1220 2702 praetergrediens,
1242 2623 1278 2682 et

187 2717 340 2800 quaedam
357 2719 510 2784 abstrusa
525 2721 658 2804 penitus
667 2721 755 2805 stylo
767 2720 901 2803 proprio
912 2719 1102 2798 enucleans,
1113 2717 1275 2783 nonnulla

187 2819 236 2882 ita
250 2826 288 2882 ut
301 2827 391 2885 erant
403 2823 518 2902 posite
530 2821 731 2905 relinquens,
744 2822 807 2885 boc
824 2826 946 2885 vestrae
957 2818 1147 2885 celsitudini
1161 2819 1275 2899 legen·

189 2915 268 2982 dum
292 2918 523 3003 compendium
545 2921 662 2985 obtuli.
705 2920 745 2984 ln
759 2919 854 3002 cujus
868 2921 1009 2998 serie,si
1032 2926 1140 2985 umen
1155 2919 1276 2984 lectum

187 3021 236 3084 ire
250 3041 318 3088 nen
332 3021 600 3107 dedignabimini,
615 3020 769 3106 quaedam
784 3019 963 3085 secundum
978 3028 1093 3097 aroem,
1114 3020 1271 3105 quaedam

183 3123 284 3205 juxte
307 3125 541 3208 etymologiam
560 3123 668 3206 posita
687 3141 750 3186 non
764 3121 1027 3187 inconvenienter
1041 3123 1227 3198 invenietis,
1242 3127 1276 3185 et

189 3223 359 3306 praecipue
368 3225 515 3290 civitatis
524 3230 644 3290 vestrae
655 3223 827 3288 Romulea
839 3223 978 3300 mamm,
989 3229 1169 3307 porterum,
1184 3239 1277 3288 mon·

189 3323 281 3402 bum,
295 3323 455 3403 locorum,
471 3324 680 3408 tribuumque
698 3325 861 3390 vocabula
883 3323 1007 3388 diserta
1025 3323 1213 3406 reperietis,
1232 3324 1277 3386 ri·

190 3434 245 3490 tus
260 3434 421 3509 praeterea
440 3425 621 3508 gentilium,
643 3430 676 3492 et
693 3425 957 3503 consuetudines,
976 3425 1088 3490 varias
1113 3422 1277 3490 dictiones

190 3544 324 3612 quoque
344 3527 453 3610 politis
476 3536 512 3593 et
531 3528 799 3614 historiographis
822 3527 1014 3603 familiares,
1038 3545 1122 3609 quas
1146 3528 1180 3590 in
1205 3527 1275 3590 suis

189 3629 361 3712 'opusculis
383 3629 590 3713 frequentius
608 3649 767 3715 posuere:
789 3629 881 3714 qnod
894 3627 1085 3711 exiguitatis
1106 3645 1191 3692 mese
1203 3645 1276 3689 rnn-

191 3729 367 3796 nusculom
382 3729 412 3794 si
426 3749 532 3813 sagax
545 3736 580 3797 et
594 3721 845 3797 subtilissimum
860 3736 1006 3796 vestrum
1025 3728 1193 3810 ingenium
1208 3745 1274 3791 uon

191 3848 431 3915 usquequaque
445 3831 612 3915 repulerit,
635 3835 830 3899 tenuitatem
852 3849 973 3908 meam,
993 3829 1063 3894 rita
1081 3829 1213 3907 comite,
1230 3828 1274 3892 ed

191 3931 321 4011 potiora
334 3934 506 4000 excitabit.
543 3932 640 4000 Vale.
