3052 4888
317 423 367 470 DE
391 424 595 475 VERBORUM
619 427 923 483 SiGNiFiGATloNii
949 437 1021 487 biii.
1046 439 1101 488 ΠΙ.
1190 425 1253 491 lt?

208 556 324 640 lingua
348 559 548 628 Sabinorum
572 567 661 630 ontis
688 568 828 636 dicitur:
852 573 902 638 vei
927 577 1016 656 quod
1040 576 1143 642 sortes
1162 581 1253 646 viror

209 657 376 738 genituras
391 663 567 728 ominetur:
592 667 646 732 vei
668 669 756 750 qnod
780 673 924 754 nuptiali
942 673 1018 756 jure
1032 677 1173 760 imperio
1190 683 1252 745 viri

208 757 383 841 subjicitur
397 762 546 830 nubens:
569 766 649 849 quia
673 769 771 835 busta
793 791 925 838 summa
950 795 1127 856 armorum,
1141 791 1176 844 et
1190 783 1252 847 im-

207 859 380 942 petiiset:
403 883 505 947 quam
528 865 572 930 ob
590 887 727 936 causam
747 873 808 938 uiri
831 874 934 940 sortes
960 895 1002 941 ea
1022 877 1194 959 donantur,
1218 892 1252 947 et

206 963 334 1043 captivi
349 964 413 1028 sub
426 965 542 1032 eudem
566 977 721 1050 veneunt,
748 995 831 1057 quos
850 975 963 1042 Graeci
987 979 1176 1066 δορυαλώτους
1200 985 1247 1046 nat

206 1061 386 1147 δοςυκτῆτους
401 1073 534 1132 vocant.

166 1159 286 1227 Celsus
295 1173 309 1200 ⁸
324 1185 369 1229 ex
382 1166 504 1232 Graeoo
519 1166 602 1244 κέλης
615 1189 722 1256 eques
736 1174 856 1242 dictus.

164 1261 356 1430 Ceninal²l⁰¹
370 1268 463 1346 urbs,
479 1289 555 1352 qnae
570 1271 633 1337 ibit
646 1275 759 1340 vicina
773 1269 904 1356 Romae,
917 1299 938 1344 a
953 1281 1069 1347 Cenite
1079 1286 1249 1353 conditore

207 1381 294 1447 appe
322 1373 388 1432 ata.
474 1439 477 1445 ,

162 1461 335 1530 Censura!
360 1489 448 1534 nunc
464 1471 626 1554 siguificat
648 1480 775 1557 putare,
798 1495 884 1544 nuno
910 1481 1063 1562 sundere,
1084 1507 1170 1552 nunc
1192 1489 1250 1554 de-

207 1584 350 1632 cernere.

161 1663 310 1732 censio⁸
333 1672 529 1738 aestimatio:
544 1675 634 1740 unde
652 1696 818 1743 censores.
862 1681 984 1747 Consio
1000 1684 1249 1755 bastariadioo-

204 1769 312 1847 batur,
328 1789 403 1834 oum
417 1773 514 1838 militi
526 1775 661 1840 mulctae
673 1779 806 1843 nomino
822 1780 865 1844 ob
880 1781 1034 1848 delictum
1046 1786 1185 1854 militare
1199 1792 1250 1854 in·

203 1869 391 1950 dicebatur,
411 1873 499 1958 quod
516 1876 631 1942 hastas
653 1877 759 1946 daret.
804 1879 1002 1949 censionem
1024 1885 1135 1952 iacere
1160 1889 1249 1956 dice·

202 1970 300 2037 batur
313 1991 441 2052 censor,
452 1995 526 2040 cnm
543 1977 702 2043 mulctam
714 1980 817 2062 equiti
831 1983 1017 2066 inrogabat.

160 2069 348 2138 Censores·
363 2074 457 2152 dicti,
482 2079 571 2160 quod
594 2099 663 2143 rem
692 2101 786 2146 suam
806 2085 950 2168 quisquo
970 2089 1057 2155 tanti
1083 2090 1249 2156 aestimare

206 2173 324 2240 solitus
337 2177 392 2256 sit,
408 2187 567 2262 quantum
583 2179 633 2244 iili
651 2183 846 2248 censuerint.

159 2271 284 2340 Geusui
313 2279 503 2344 censentur
527 2282 597 2364 agri
616 2283 747 2365 proprie
767 2284 987 2367 appellantur,
1007 2291 1066 2374 qui
1086 2298 1119 2368 et
1134 2294 1200 2358 emi
1215 2303 1250 2357 et

204 2379 336 2442 venire¹
354 2378 431 2463 jure
447 2381 538 2446 civili
551 2391 707 2464 possunt.

615 2528 797 2552 000000000οΜ

191 2627 223 2673 2⁰
239 2623 281 2674 Al.
294 2626 402 2684 Curiam
415 2633 443 2677 et
453 2643 512 2678 mort
523 2627 662 2680 enirn—t
680 2631 734 2682 Pro
745 2633 824 2682 mire
835 2632 876 2681 atii
888 2632 979 2696 tegunt
991 2635 1068 2684 retii.

650 2749 759 2802 NOTAE

191 2847 203 2873 ⁸
220 2839 314 2906 Celata]
332 2843 393 2892 Nou
405 2857 420 2893 ι
431 2843 612 2908 κίληε,ηῐνυ1ι
624 2845 685 2895 Fer·
727 2847 794 2897 Nrru
806 2847 912 2898 decretu
930 2863 977 2914 per
993 2850 1098 2900 verbnm
1116 2866 1194 2902 remeo
1205 2853 1250 2904 rie·

157 2920 213 2972 tur,
223 2914 268 2964 ted
281 2930 296 2964 a
308 2916 386 2966 verbo
397 2919 501 2984 antiqno
511 2919 576 2977 reto,
591 2921 659 2984 quoti
670 2937 687 2970 u
726 2923 867 2972 cierentur.
900 2925 991 2974 Cicero
1007 2939 1051 2974 ιιι.
1068 2925 1145 2976 caut.
1162 2929 1249 2980 ‘Quo-

154 2987 250 3044 κίλλη.
268 2989 359 3052 ταχέως
376 2991 473 3058 βαδίζω,
491 2993 558 3046 citur
575 2995 686 3046 ambulo.
726 2997 793 3045 nium
806 2997 916 3047 nondum
932 3007 973 3048 est
987 3002 1165 3065 praecriptum
1180 3003 1205 3051 S.
1216 3003 1249 3053 C.

158 3064 199 3114 Ut
211 3069 376 3129 aromporito
387 3073 394 3097 ⁸
405 3070 522 3126 excetio‚'
532 3073 540 3099 ‘
549 3071 685 3122 excelsus?
726 3085 759 3120 ex
770 3073 890 3120 memoria
900 3073 980 3128 tobia.
993 3073 1118 3134 Quirites,
1131 3073 1190 3136 qnid
1203 3077 1249 3124 Se·

159 3139 372 3191 Cetmestcitur
384 3141 687 3210 ttorwcunprerer·
725 3151 800 3193 natus
825 3147 963 3208 consuerit,
984 3145 1129 3208 exponam!
1162 3151 1249 3200 censeo

156 3220 334 3264 eontaurrerr
347 3215 621 3279 monstrarentur!
650 3219 686 3269 Et
725 3219 804 3267 etiam
826 3217 931 3268 sordeo.
953 3219 1047 3270 Horat.
1071 3221 1154 3285 Epist.
1177 3233 1247 3274 xvrr.

115 3287 118 3294 '
155 3288 268 3339 initio:
296 3289 416 3342 ‘Incedit
434 3291 497 3342 citu'
518 3291 599 3342 cetru'
618 3293 684 3342 toto·
725 3294 812 3344 ‘Ecce
832 3293 962 3345 docendus
982 3293 1139 3364 adhucque
1158 3309 1250 3351 censet

157 3363 224 3416 tim?
241 3365 276 3416 Et
286 3365 364 3418 ovio.
375 3369 382 3393 ¹
392 3367 483 3418 Cetror
494 3366 593 3431 equor!
608 3367 684 3418 Gtor·
725 3368 864 3419 emicarent
886 3369 961 3420 idm.

156 3439 262 3503 sertum,
271 3443 279 3468 ¹
288 3439 380 3503 cetura,
397 3441 496 3507 ὑψηλὸς,
509 3441 633 3506 μετέωρος,
643 3442 684 3502 oni·
756 3444 872 3507 ¹Ceurt'o]
883 3445 976 3496 cenric
987 3447 1110 3509 bertarit,
1123 3463 1180 3497 conr
1189 3463 1248 3499 cen·

155 3515 291 3580 tto.'1.eg.
303 3515 382 3576 κέλης.
400 3519 475 3568 tum.
725 3533 767 3568 tor
777 3517 812 3569 ob
824 3518 946 3570 delictum
958 3521 1063 3571 mititem
1076 3523 1173 3573 bustum
1185 3522 1248 3574 dare

184 3598 197 3625 ¹
207 3591 311 3656 caea]
320 3591 362 3642 At.
370 3593 683 3658 Coeuim.1tuutvn.stepb.
719 3594 841 3658 jubebat.
870 3595 904 3645 Et
916 3597 1004 3646 caurio
1017 3598 1111 3662 equitio
1122 3605 1179 3648 erat
1190 3610 1249 3649 cunt

158 3672 188 3715 et
210 3663 343 3717 Haticrru.
367 3667 517 3718 Corinenses
538 3669 618 3719 Livio.
653 3670 684 3718 ln
725 3681 806 3732 equus
828 3668 864 3717 itii
887 3666 991 3740 nubtice
1013 3670 1193 3732 adimebatun
1221 3680 1249 3720 et

155 3741 232 3792 Latio
243 3743 316 3804 ponit
328 3741 398 3792 Ptin.
416 3743 493 3793 Irteur.
726 3741 775 3792 boc
788 3743 879 3793 Fertur
891 3758 938 3808 per
950 3745 1046 3794 mettum
1057 3746 1187 3809 intelligit.
1209 3745 1248 3794 Id.

180 3815 685 3881 remereJModoprture,retorbitrurir
758 3825 770 3852 ⁸
787 3819 911 3884 Censores]
938 3819 1006 3869 Vide
1017 3825 1095 3885 sopra
1106 3819 1248 3869 ‘tenuero'

152 3889 259 3940 Terent.
274 3891 383 3955 Adelph.
397 3905 433 3944 tv,
449 3895 475 3942 2.
498 3893 625 3943 ‘Censen'
640 3893 684 3942 bo·
726 3893 801 3944 ldrrrt.

153 3963 247 4014 minem
260 3980 300 4016 roe
312 3981 368 4017 erre
379 3968 397 4017 i'
415 3969 624 4028 modoaettimcre,
639 3969 685 4019 ‘iu
757 3969 768 4005 b
787 3969 874 4020 Cenrui
890 3965 1015 4030 centrario]
1038 3964 1141 4018 Praedia
1159 3969 1248 4018 ceutrii

148 4053 259 4090 censum
281 4041 397 4108 reterre,’
417 4053 446 4093 nt
461 4045 584 4096 ‘censere
605 4057 686 4110 popu·
724 4045 854 4096 censendo
868 4043 1022 4094 dicebantur
1036 4059 1077 4104 ea,
1088 4055 1146 4106 qum
1161 4053 1248 4094 errent

151 4113 224 4166 ium!
258 4115 325 4167 inde
346 4133 428 4168 remor
449 4121 492 4184 qni
516 4119 638 4170 inmittam
659 4128 686 4169 et
724 4121 863 4183 muncnpt:
888 4133 946 4184 quas
960 4117 1087 4168 trabebant
1100 4115 1246 4182 jusei'vite:

151 4190 220 4240 bonu
240 4190 337 4241 ciuium
358 4203 488 4255 recenset,
508 4202 536 4245 et
558 4193 639 4244 refert
659 4195 685 4244 iu
724 4211 780 4260 quae
798 4195 940 4259 subsignari
957 4193 1024 4258 spurt
1041 4195 1247 4260 arrrirrm,npttd

151 4267 255 4316 tabutas
287 4267 412 4331 publicar.
460 4268 527 4319 Item
554 4271 684 4320 tamne.
724 4277 988 4334 censoremoorreut:
1014 4276 1042 4326 ut
1053 4278 1142 4320 auctor
1152 4281 1192 4320 ert
1206 4271 1247 4319 ci·
