2980 4888
231 361 273 426 12
570 371 728 422 ιιιιοιιιι
752 369 956 422 nucosrrsr

231 512 280 570 ret
302 521 424 580 eorum,
443 521 519 586 quoe
541 500 609 584 ipsi
628 499 735 583 magis
757 499 963 584 placuerunt.
1006 499 1043 564 ls
1059 500 1145 566 liber
1165 499 1303 566 indoctis

232 605 312 670 viris
333 603 419 670 adeo
440 603 579 688 placuit,
602 611 640 668 nt
664 621 725 685 pro
742 601 846 668 Festo
870 603 905 666 in
928 603 1080 668 omnibns
1101 601 1305 668 bibliothecis

233 706 507 772 substitueretur.⁸
549 703 644 770 Unus
658 703 765 770 adhuc
777 704 864 768 liber
875 703 1013 771 extabat
1022 704 1124 770 totins
1137 704 1243 772 cladis
1255 722 1307 768 su·

195 805 201 824 ⁸
233 815 373 890 perstes,
388 806 445 871 sed
462 804 572 889 qualis
588 804 687 869 victis
700 803 978 869 commilitonibus
991 809 1024 868 ot
1034 805 1202 870 occisione
1221 804 1307 868 oeci·

233 911 291 988 sis,
304 911 400 974 miles
414 907 539 972 bonnis
553 905 699 985 neribus,
712 905 820 970 altero
835 905 933 972 oculo
947 904 1079 984 effosso,
1095 905 1211 970 mutilo
1228 905 1308 970 alte·

233 1029 271 1073 ro
285 1009 431 1086 brachio,
446 1006 598 1072 cruribus
619 1005 734 1071 fractis
755 1006 843 1089 repit
858 1005 1022 1071 alicunde.
1065 1005 1148 1089 Ejus
1164 1005 1241 1070 libri
1256 1003 1309 1070 ad·

234 1112 330 1188 vecti,
344 1116 381 1175 ut
393 1110 509 1187 ferunt,
523 1127 568 1174 ex
581 1108 714 1193 Illyrico
727 1109 842 1174 habuit
855 1109 986 1191 aliquos
1000 1107 1148 1190 pagellas
1163 1106 1308 1191 Pompo·

233 1213 309 1276 nius
330 1211 457 1289 Laetos,
471 1217 510 1275 ιιι
525 1209 621 1288 Pius,
644 1215 681 1274 ιιι
696 1209 882 1274 Politinnus
905 1207 1125 1292 scripserunt3
1154 1208 1310 1292 majorem

233 1312 308 1377 libri
320 1319 446 1397 purtem
455 1311 616 1376 Manilius
633 1309 765 1378 Rallus.
808 1307 864 1376 Ab
878 1309 930 1376 bis
943 1307 1091 1392 Angelos
1107 1305 1311 1375 Politianus‘

233 1413 350 1478 librum
365 1399 508 1496 accepit,
532 1413 679 1494 agnovit,
691 1416 724 1477 et
738 1411 928 1496 exscripsit,
943 1418 977 1476 et
996 1429 1040 1476 ex
1057 1429 1100 1477 eo
1114 1411 1149 1476 in
1163 1411 1312 1476 centurie

234 1533 365 1579 versum
380 1513 503 1580 Catulli
517 1513 688 1579 emendare
699 1515 849 1580 tentavit.
891 1511 949 1579 Ab
959 1511 1074 1578 eodem
1087 1511 1246 1578 Politiani
1257 1529 1314 1576 ex·

233 1615 345 1698 emplo
361 1615 480 1680 Petrus
493 1614 687 1683 Victorius⁸
702 1616 830 1700 aliquot
844 1615 930 1682 locis
945 1615 979 1679 in
1000 1616 1101 1682 variis
1113 1614 1313 1680 lectionibus

235 1717 385 1802 vulgares
400 1716 492 1783 Festi
505 1718 610 1784 libros
625 1717 798 1782 emendare
811 1715 1013 1794 doctissime,
1028 1722 1065 1781 ut
1079 1717 1175 1794 solet,
1190 1715 1313 1800 coepit:

234 1827 448 1904 pervenerunt
461 1821 546 1904 ipsae
562 1818 712 1902 reliquias
725 1817 830 1883 libelli
844 1819 887 1883 nd
902 1817 1025 1884 Aldom
1040 1817 1240 1896 Munatium,
1256 1817 1315 1903 qni

234 1927 372 1986 conatus
397 1929 449 1986 est
473 1939 547 1985 cum
571 1921 668 1986 Pauli
689 1921 831 2004 epitome
852 1939 911 1984 eas
933 1918 1143 2004 conjungere,
1155 1927 1188 1986 et
1209 1937 1314 1986 nuum

235 2039 355 2105 corpus
370 2040 415 2086 ex
433 2020 624 2105 duplicibus
646 2021 801 2086 membris
819 2019 995 2086 conficere.
1037 2019 1105 2086 Sed
1125 2029 1193 2086 tam
1210 2019 1315 2088 multa

234 2123 360 2187 omissa
382 2130 470 2200 suot,
485 2126 553 2187 tum
568 2122 679 2187 'mults
699 2123 793 2187 aliter
816 2121 916 2201 edito,
930 2130 968 2187 ιιι
989 2121 1074 2186 alios
1088 2121 1316 2188 emendatores

234 2241 289 2286 res
312 2223 516 2288 desiderarit.
558 2223 668 2289 Simili
687 2225 814 2289 ratione
828 2245 873 2290 ex
891 2231 1031 2308 utroquo
1045 2223 1129 2288 libro
1143 2224 1316 2290 confectus

234 2323 316 2387 alter
330 2323 414 2388 liber
426 2328 520 2389 extat
533 2324 623 2407 epod
637 2321 801 2390 Achillem
815 2323 968 2390 Maleum
989 2322 1183 2390 Bernsrdini
1201 2321 1320 2391 Cardi-

234 2424 320 2488 nalis
331 2426 475 2504 fratrem,
490 2425 549 2509 qni
564 2425 689 2491 Aldine
701 2427 896 2511 locupletior
907 2432 970 2490 est.
1015 2423 1069 2490 lta
1084 2430 1150 2490 tres
1165 2424 1317 2509 ejusdem
1339 2426 1343 2438 '

232 2523 308 2589 libri
321 2524 494 2604 editiones,
508 2545 620 2592 omues
634 2533 742 2593 antem
756 2526 956 2612 imperiectio
975 2527 1163 2592 extiterunt.
1206 2524 1318 2592 Vetus

232 2624 289 2690 ille
302 2625 386 2691 liber
400 2627 494 2692 Festi
514 2627 717 2708 dimidiatus,
745 2629 842 2714 cujus
858 2635 934 2694 ante
951 2627 990 2692 Μ
1003 2629 1133 2694 literam
1154 2625 1237 2692 uilril
1258 2645 1319 2692 ex·-

233 2731 301 2808 tnt;
322 2729 364 2792 ab
378 2746 420 2793 ea
432 2747 512 2794 vero
532 2729 628 2796 litera
649 2731 694 2796 nd
712 2731 811 2796 tinem
826 2730 886 2795 vix
900 2728 1069 2798 dimidium
1083 2733 1145 2806 est,
1160 2727 1249 2812 quod
1261 2745 1318 2794 su·

234 2834 358 2910 peresi,
372 2829 458 2914 ejus,
471 2831 560 2914 qnod
575 2839 676 2897 antes
690 2831 808 2897 lueret.
851 2829 947 2896 Alter
965 2829 1048 2894 liber
1067 2835 1119 2894 est
1133 2828 1230 2896 Pauli
1247 2831 1320 2913 epi-

234 2937 335 3009 tome,
350 2949 427 3014 qnnn
438 2949 539 3015 qnam
554 2931 753 3013 negligenter
765 2931 857 2998 lacto
873 2931 926 3008 sit,
941 2948 985 2995 ex
1009 2931 1187 2996 collatione
1202 2931 1319 2998 serbo·

234 3049 307 3098 mm
335 3032 429 3098 Festi
450 3039 486 3096 et
512 3029 623 3108 Pauli,
645 3033 736 3116 qood
756 3032 821 3099 bae
842 3031 988 3098 editione
1013 3031 1230 3110 ostendimus,
1261 3031 1319 3097 vel

234 3132 484 3199 indoctissimus
510 3133 656 3219 quisque
677 3153 855 3218 agnoscere
876 3139 998 3219 potest.
1039 3133 1174 3200 Tertius
1194 3141 1248 3200 cst
1272 3153 1319 3199 ex

234 3237 373 3315 utroque
388 3233 573 3312 conlectus,
588 3236 705 3319 quales
719 3240 797 3300 sunt
812 3235 901 3312 Aldi,
916 3234 1035 3315 Masei,
1049 3243 1085 3300 et
1098 3242 1216 3300 noster.
1250 3235 1319 3300 Sed

234 3351 297 3398 uos
309 3333 374 3398 hoc
390 3334 537 3419 amplius
548 3337 699 3413 belinus,
711 3336 800 3420 qnod
810 3337 860 3402 illi
874 3337 1109 3419 neglexeruntt
1131 3343 1168 3402 ut
1180 3336 1321 3404 lectores

236 3433 495 3514 admoneremus,
519 3455 595 3520 quae
619 3437 724 3518 Festi,
748 3457 892 3523 quaeque
914 3439 1013 3504 Pauli
1035 3443 1154 3504 essent.
1197 3437 1321 3504 Omnis

236 3553 369 3617 quoquo
383 3535 566 3620 fragmento
582 3537 677 3604 Festi
690 3537 836 3604 describi
859 3540 1059 3617 curavimus,
1081 3555 1122 3601 uo
1134 3535 1215 3621 quid
1230 3537 1322 3604 desi·

235 3637 342 3702 derasi
362 3645 496 3720 possct;
530 3639 565 3702 in
585 3641 708 3722 quibus
719 3639 973 3724 interpretandis
987 3657 1086 3723 quam
1101 3655 1238 3721 operam
1258 3658 1321 3722 po-

236 3739 416 3814 suerimus,
429 3757 474 3802 ex
495 3737 651 3823 hisquae
671 3740 708 3804 in
729 3740 976 3806 commentariis
997 3738 1221 3823 ascripsimus,
1230 3738 1323 3822 judl-

236 3855 315 3902 care
341 3840 445 3905 lector
469 3840 592 3924 possit·
635 3840 827 3908 Habuimus
849 3847 961 3908 entem
989 3839 1052 3905 boc
1073 3846 1320 3906 mon-setun

267 4023 279 4048 ⁶
295 4017 334 4065 Ex
346 4017 393 4068 Pio
404 4020 430 4069 ln
442 4026 528 4070 annot.
540 4023 608 4084 post.
619 4033 678 4083 esp·
690 4023 730 4070 lt.
797 4021 861 4071 var.
880 4020 941 4074 lect.
958 4025 986 4071 et
1003 4017 1049 4070 lib.
1067 4031 1150 4070 xvrrr·
1167 4029 1224 4082 esp.
1244 4021 1268 4067 7.
1291 4025 1320 4069 et

269 4087 279 4122 ¹
293 4091 332 4140 Ex
345 4091 465 4146 Politian·
475 4103 546 4146 cent.
557 4099 580 4146 l.
591 4109 649 4160 cap.
658 4097 702 4145 71.
798 4094 867 4145 alibi.

267 4173 281 4209 Ι
296 4165 335 4216 Es
347 4165 427 4220 Petro
437 4169 508 4222 vict.
518 4171 563 4222 lib.
574 4185 642 4224 xvir.
652 4185 710 4237 cap.
722 4175 748 4221 2.
