3036 4890
270 395 334 462 246
613 403 725 452 nexui
753 399 904 450 ronrnrr
931 397 1033 448 resrr

272 552 468 634 Exemplum
482 546 491 584 r
513 555 576 624 est,
592 545 680 629 quod
696 561 885 627 sequamur,
911 545 967 605 aut
982 541 1150 604 vitemus:
1174 536 1357 620 exemplar,

314 671 358 718 ex
373 671 440 736 quo
452 649 558 714 simile
572 649 750 713 iaciamus.
795 642 883 708 liiud
900 645 1007 708 animo
1024 641 1219 716 estimatur,
1235 638 1359 703 istud'⁰
1378 636 1387 656 '

314 754 421 819 oculis
437 750 650 833 conspicitur.

273 855 490 930 Exercirent,¹
504 851 673 916 sarcirent.

273 950 536 1022 linercitionem'¹
558 949 695 1017 exerciti
713 949 869 1014 dicebnnt
881 957 903 1011 ¹.¹
921 950 1067 1032 antiqui:
1092 945 1362 1010 exercitationem

315 1056 501 1122 exercitati.
546 1053 630 1118 Item
647 1053 891 1129 exercitionem,
903 1049 1201 1126 exercitissimum3
1218 1047 1309 1110 sicut
1321 1045 1361 1108 ab

316 1158 511 1233 exercitato,
525 1153 802 1232 exercitationem,
817 1152 1139 1218 exercitatissimum.

275 1255 463 1324 Exercitus*
479 1265 514 1322 et
528 1255 669 1320 militum
686 1257 786 1340 copia
799 1254 940 1333 dicitnr3
963 1257 997 1316 et
1014 1251 1116 1314 homo
1128 1250 1246 1314 multis
1263 1267 1364 1330 negu-

317 1363 374 1426 tiis
389 1359 577 1425 exercitus:
601 1356 659 1421 sed
683 1357 833 1440 superius
852 1356 959 1439 quarti
978 1353 1115 1430 ordinis,
1133 1353 1201 1438 inec
1225 1348 1364 1417 secundi

316 1467 378 1526 est.

276 1560 431 1638 Exesto,¹‘
446 1569 541 1625 extra
558 1569 653 1626 esto:
681 1559 732 1624 nic
755 1558 842 1622 enim
866 1558 966 1623 lictor
986 1557 1018 1622 in
1039 1554 1242 1640 quibusdem
1258 1553 1367 1618 sacris

319 1661 529 1727 clamitabat:
545 1661 665 1739 hostis,
681 1660 823 1738 vinctus,
838 1659 964 1730 mulier,
975 1659 1068 1742 virgo
1084 1661 1221 1722 exerto:
1237 1656 1368 1722 scilieet

318 1765 479 1828 interesse
495 1764 736 1846 prohibebatur.

277 2015 307 2058 io
325 2011 377 2059 Pro
388 2011 451 2058 irtnd
461 2007 563 2072 quidum
574 2007 632 2058 iibri
645 2009 733 2072 legunt
744 2011 766 2057 et
778 2007 892 2057 ica-ii
906 2007 977 2057 Veii.
990 2005 1054 2056 libb.
1065 2002 1221 2055 [inertiorem
1234 2001 1335 2053 exerciti
1344 2005 1369 2051 d.

767 2133 874 2185 NO'l'AE

281 2233 376 2283 Eeduta
388 2231 420 2281 ab
432 2233 516 2291 erden,
528 2229 620 2280 (irene
629 2227 710 2285 iride,
719 2236 746 2279 et
757 2229 802 2278 eli·
841 2231 909 2280 enirn
921 2235 1063 2280 exnterem.
1081 2229 1163 2280 idenr.

277 2306 633 2372 rod,exno,exnviae.1dern.
874 2304 1089 2368 ¹¹Exercitionenr]
1117 2303 1157 2355 Ab
1169 2311 1317 2354 exercerent
1331 2320 1370 2354 a·

308 2381 483 2447 'Ermplrrn1
506 2382 581 2432 Quod
601 2381 684 2429 nuinrb
702 2379 801 2428 lnriinn·
842 2382 958 2437 ercitinnr.
969 2380 1370 2444 exncltin,eurriier,exereitier‚

276 2461 336 2510 durn
352 2457 621 2525 proponttnr'rerenr.
634 2455 801 2518 euripum.
842 2457 1036 2519 exercittrrinnr,
1054 2457 1143 2520 quibnr
1161 2457 1201 2506 nri
1212 2464 1317 2506 vereret
1326 2455 1372 2506 lu·

277 2541 301 2587 ⁸.
317 2539 325 2566 ‘
340 2536 459 2599 Denique
481 2531 614 2596 lnrpicere
634 2538 754 2595 tanquam
776 2531 801 2579 in
844 2533 999 2592 rirccnrniti,
1016 2539 1044 2582 nt
1060 2531 1092 2580 ab
1110 2531 1280 2592 exercitetur,
1299 2544 1371 2581 exer·

277 2611 409 2674 specuium
422 2610 446 2658 in
460 2609 524 2656 nitar
536 2607 646 2656 omniurn
659 2605 753 2669 luben,
765 2611 799 2654 et·
843 2609 958 2664 citatior,
977 2607 1213 2670 exercitatimimnr,
1230 2610 1282 2657 dre.
1320 2607 1370 2656 Sed

277 2699 326 2749 qne
345 2699 377 2734 err
398 2685 453 2732 aliie
465 2698 564 2733 ramere
577 2685 724 2747 exemplum
736 2683 805 2734 rint·
843 2683 868 2732 in
881 2691 942 2734 vett.
963 2684 1023 2734 libb.
1039 2683 1163 2746 ecriptnnr
1174 2683 1321 2733 enemim
1330 2697 1372 2731 ee·

277 2759 415 2820 Erenrpier
426 2773 486 2806 vero
497 2759 565 2822 qnod
578 2761 668 2822 oerriir,
680 2769 708 2810 nt
719 2760 803 2824 pietu-
843 2760 913 2808 erriti
923 2759 1040 2816 dicebant,
1050 2761 1091 2822 tre.
1102 2757 1169 2822 qnod
1182 2765 1210 2807 et
1219 2773 1309 2808 rernm
1317 2766 1371 2808 eat:

278 2847 322 2894 rue,
333 2832 429 2882 tabulae
439 2831 589 2894 piereribnr.
615 2831 708 2881 lieret.
720 2833 804 2896 Epirt.
844 2847 902 2883 nem
922 2842 951 2883 nt
971 2849 986 2882 u
1004 2833 1115 2897 respicio,
1134 2833 1232 2884 dictnrn
1252 2833 1371 2897 euspicio,

277 2911 301 2957 Ι.
313 2907 357 2956 liir.
370 2923 387 2958 r.
403 2907 518 2955 ‘iturine
532 2905 592 2970 qnid
605 2907 685 2955 virtue
702 2907 803 2972 etquid
843 2909 908 2970 onir,
923 2923 938 2957 a
954 2909 1077 2972 concamio,
1096 2909 1236 2972 conrplcic,
1257 2910 1325 2970 onir,
1336 2909 1372 2958 rie

276 2983 403 3047 replenti·
415 2981 495 3046 poerit
513 2982 586 3031 Utile
607 2981 740 3046 proposuit
758 2996 803 3032 no·
843 2983 876 3034 ab
894 2999 998 3048 renero,
1016 2986 1120 3034 ductum
1131 2983 1322 3035 constantinum
1333 2999 1373 3034 en·

277 3059 316 3108 irie
328 3059 461 3123 exemplar
472 3056 609 3122 Ulymern!
633 3056 683 3106 lind
695 3057 803 3108 coninu-
844 3061 922 3118 ereio,
931 3061 997 3110 onir.
1012 3061 1087 3110 idern.

276 3133 381 3191 duntur,
400 3141 427 3184 nt
444 3135 590 3198 plurimum,
606 3135 661 3185 true
673 3133 733 3184 diro.
765 3134 804 3185 Ut
875 3135 882 3169 ¹
902 3135 1040 3198 Exercitus]
1057 3133 1169 3186 Militum
1181 3135 1267 3198 copie,
1284 3137 1373 3186 erenei·

277 3224 335 3258 curn
356 3210 450 3260 dicitnr
469 3211 614 3272 exemplum
633 3217 659 3258 et
671 3211 804 3275 exemplar
844 3218 931 3276 teque,
940 3212 1177 3276 enbriconqmrrte
1187 3210 1374 3262 declinationis.

277 3283 440 3348 eloquentie,
451 3297 497 3346 pro
508 3285 618 3347 imagine
627 3292 654 3334 et
667 3287 804 3349 prernrip-
844 3287 881 3337 rit
892 3288 1020 3348 exercitur,
1029 3291 1064 3350 tr,
1075 3291 1134 3350 tum,
1152 3285 1245 3349 adject.
1264 3287 1374 3351 negotiir

277 3359 348 3407 tione
360 3358 393 3407 nd
406 3355 564 3418 innitendum,
575 3363 601 3405 et
613 3360 803 3420 exemplunm
843 3359 1374 3426 districtor,impeditnqintigntur.Piaut.

278 3434 432 3494 exemplum,
463 3432 606 3492 literarum,
633 3431 804 3496 ehirographi,
844 3438 969 3489 Bneetrtd.
993 3439 1078 3491 ‘Qum
1100 3437 1212 3487 rodelenr
1233 3445 1314 3503 etque
1335 3453 1374 3488 rne

277 3509 435 3569 tertrrnenti,
454 3523 500 3572 pro
520 3505 602 3556 t'onne
623 3515 651 3558 et
672 3509 804 3576 deneripto
844 3515 972 3565 exercitos
992 3513 1089 3564 heitet.¹
1127 3511 1277 3578 Aliquando
1297 3516 1374 3564 etiam

277 3581 344 3648 qnod
358 3582 435 3643 vulgo
446 3583 637 3644 contereretur.
655 3583 730 3634 idean.
844 3590 971 3645 nentur,
982 3591 1057 3654 irnjur
1068 3589 1196 3651 exercitae,
1214 3603 1262 3651 pre
1274 3591 1375 3641 exerci-

309 3664 321 3700 t
340 3655 494 3720 Emeum]
513 3655 536 3704 Α
547 3660 623 3708 tercio
633 3661 803 3724 commonitum
845 3663 944 3712 tutione
955 3665 1060 3728 legitur,
1069 3671 1097 3713 nt
1108 3665 1176 3728 apud
1187 3663 1312 3714 Piantnrn
1323 3667 1375 3716 lin·

277 3732 392 3794 amneio,
400 3731 462 3782 eliro
471 3745 492 3792 r,
501 3731 600 3781 erario
612 3733 687 3784 Unde
699 3735 804 3787 Terent.
844 3738 915 3788 dent.
928 3752 958 3788 rr.
969 3743 992 3790 1.
1003 3739 1012 3767 ⁴
1022 3741 1074 3789 Pro
1084 3741 1199 3790 exercitu
1209 3743 1376 3804 gynunrriro

276 3809 345 3863 'Qui
365 3823 446 3873 opere
466 3808 562 3857 rnrtieo
580 3809 710 3862 Faciundo
727 3811 803 3864 saeiie
844 3824 872 3864 et
884 3815 1029 3878 peluntrirn
1041 3815 1239 3866 irocirnbemne.'
1265 3817 1376 3882 Legitur

277 3886 372 3935 rietnrn
384 3885 532 3935 exereirent
551 3885 641 3934 aonrn.¹
674 3886 717 3936 Ita
735 3889 802 3937 enirn
844 3896 871 3939 et
882 3891 1008 3952 exuritur,
1018 3891 1129 3954 exerciti,
1141 3904 1187 3955 pro
1198 3893 1328 3956 wetere,
1340 3909 1376 3943 er.

276 3959 427 4010 rcribendur
438 3967 477 4010 eet
494 3960 576 4023 iocor,
588 3974 648 4024 uon,
659 3971 686 4012 nt
700 3963 803 4026 qnidam
844 3964 919 4014 verr.
932 3963 963 4015 de
977 3965 1030 4014 vita
1042 3980 1103 4029 pop.
1114 3965 1189 4015 iiorn.
1200 3965 1245 4015 lib.
1259 3979 1292 4016 rr.
1306 3968 1377 4018 ‘ile-

277 4033 353 4089 maie,
361 4035 512 4085 emelim.
524 4033 557 4084 iit
566 4033 634 4084 i'orte
643 4037 804 4087 rentitneude
844 4041 898 4090 ciue
909 4040 1054 4105 Imperetur
1069 4055 1116 4104 pro
1128 4041 1237 4090 exerciti
1248 4043 1335 4092 seinte
1348 4055 1377 4091 re

279 4117 327 4154 vex
336 4107 381 4154 itin
389 4107 507 4157 Ciceroni
519 4108 546 4156 in
557 4108 622 4156 libro
631 4109 665 4159 de
677 4111 803 4173 petitione
845 4115 900 4166 Diir
911 4115 1027 4165 rnnnibnr
1038 4115 1159 4168 deuenit.¹
1175 4115 1251 4165 idem.

278 4179 443 4230 connitatur:
460 4181 544 4230 ‘Aliis
557 4189 583 4232 te
596 4181 622 4230 id
635 4184 711 4234 rebus
728 4199 804 4236 eruc·
876 4190 887 4224 Ι
906 4191 1008 4255 exerto]
1026 4190 1103 4245 Quod
1123 4191 1160 4241 eit
1178 4192 1203 4240 in
1219 4191 1378 4256 quibusdem

277 4267 361 4309 turum
374 4269 430 4308 erre
447 4257 619 4324 persuadear.⁸
653 4261 802 4326 Legendnnr
844 4268 931 4330 rueris,
954 4276 1025 4316 recte
1046 4266 1122 4318 decet
1142 4281 1191 4318 nnn
1211 4267 1237 4317 in
1256 4268 1378 4319 omnibu·
