2980 4888
242 373 283 437 ts
582 387 691 437 sexrt
718 389 867 436 ronrntt
895 385 996 436 snsrt

283 531 412 613 piendis
422 531 609 612 legionibus
625 531 915 596 adscribebantur:
936 532 996 594 bus
1010 538 1046 594 et
1055 529 1223 594 eduenses
1235 529 1325 593 dice·

283 632 389 709 bunt,¹
411 632 500 714 qnod
524 631 566 695 ad
590 631 754 712 legionum
770 651 907 696 censum
921 639 1033 696 essent
1046 630 1233 712 adscripti:
1256 631 1328 712 qui·

285 732 362 797 dant
375 732 514 810 velatos,
528 733 616 816 quod
628 733 735 798 vestiti
749 733 890 798 inermes
900 739 1107 814 sequerentur
1121 731 1327 795 exercitum:

281 834 432 898 nonnulli
447 834 648 911 ferentarius,
664 835 752 917 quud
767 834 878 899 fundis
893 833 1128 916 lapidibusque
1144 832 1326 914 praeliaturi

283 953 325 1000 ea
347 933 445 998 tnudu
462 933 591 1014 ferrent,
614 935 742 1018 quaein
762 935 872 1000 hostes
888 935 1057 1018 Jauerent:
1081 934 1140 997 aiii
1162 933 1329 1009 rorarios,⁵

283 1034 372 1117 quud
387 1035 421 1098 id
437 1055 542 1117 genus
557 1035 726 1100 bominum
740 1041 826 1113 ante,
838 1055 938 1118 qnam
952 1037 1041 1100 acies
1056 1036 1195 1112 nubent,
1207 1035 1242 1098 in
1258 1053 1328 1098 rnu-

283 1136 362 1199 dum
377 1137 520 1200 rorantis
535 1136 745 1218 tempestatis
764 1135 944 1200 dimicaret.

242 1235 420 1300 Adteutata
431 1235 479 1285 '⁷¹'
500 1236 625 1300 semina
636 1235 690 1298 vel
703 1234 737 1298 in
752 1236 871 1299 bunum
883 1241 1011 1318 partem
1023 1234 1151 1311 dicitur,
1166 1233 1259 1298 velut
1269 1232 1328 1296 bu-

284 1342 414 1414 neruta,
436 1337 489 1402 vel
515 1337 550 1400 in
576 1335 708 1412 malunt,
733 1337 834 1419 quasi
864 1335 907 1400 ad
937 1344 1119 1401 extremum
1141 1333 1327 1418 periculum

284 1436 440 1503 adducta.

274 1636 304 1681 lt
321 1632 451 1682 ,tractata
467 1634 535 1684 Seal.
547 1632 573 1682 in
586 1640 676 1684 textu:
694 1634 740 1684 sed
752 1649 775 1684 v.
789 1642 841 1685 net.
852 1633 895 1684 int.

727 1760 836 1813 NOTAE

240 1855 308 1906 ident
319 1855 386 1908 infra
397 1855 575 1912 confirmatur:
592 1859 713 1922 ‘Velati,’
725 1861 763 1910 in·
836 1859 1001 1924 Adscriptisit]
1019 1859 1086 1910 Item
1105 1859 1264 1924 adscriptisi,
1282 1861 1328 1910 nsi-

240 1935 306 2000 qnit,
322 1936 538 1998 ‘appellabantur
558 1937 655 1994 restiti,
677 1944 704 1986 et
724 1937 762 1986 in·
803 1935 872 1998 litae,
883 1936 925 2000 qui
937 1943 1012 1984 extre
1022 1935 1136 1984 ordinent
1150 1943 1177 1984 et
1189 1944 1263 1985 satra
1281 1951 1328 1984 nn·

240 2024 332 2072 ermes,
353 2012 397 2075 qui
418 2013 559 2062 exercitum
580 2013 762 2076 sequebantur,
803 2024 899 2059 marum
909 2011 1008 2059 militia
1021 2009 1220 2073 adscriptisnnt.
1239 2012 1328 2062 Plant.

240 2085 334 2149 quique
356 2086 382 2134 in
405 2093 558 2136 mertuorum
579 2087 685 2137 utilitum
707 2089 763 2136 tuce
802 2084 928 2134 Meuaecb.
940 2098 959 2132 r.
973 2087 997 2132 t.
1014 2085 1082 2132 Ἕκ.
1093 2085 1176 2134 Extra
1194 2099 1326 2135 numerum

240 2160 478 2210 substituebantur!
512 2161 606 2210 Postea
619 2161 644 2210 in
659 2163 762 2212 munici-
802 2161 905 2212 etmihi.
927 2162 976 2210 Pa.
986 2159 1058 2208 idern
1069 2162 1134 2210 istuc
1144 2162 1201 2210 aliis
1213 2163 1328 2228 adscrip-

240 2234 416 2298 pituitaeque
429 2237 526 2296 Roma.
539 2235 634 2298 publici
648 2237 761 2286 ministe·
802 2237 862 2288 tisis
878 2235 909 2285 ad
923 2236 1047 2298 legionem
1058 2235 1116 2284 fieri
1135 2237 1217 2288 solet!
1253 2239 1327 2290 Varr.

241 2309 273 2358 rit
289 2323 380 2360 nemen
398 2309 449 2360 fuit
462 2310 595 2360 Accensae
606 2314 722 2376 velatus,
733 2320 762 2362 ut
802 2311 848 2360 lib.
868 2323 905 2359 vt.
925 2309 958 2359 de
981 2309 1007 2358 b.
1019 2311 1047 2358 b.
1064 2310 1245 2377 ‘Adscriptisi
1264 2313 1328 2364 dicti

240 2394 350 2450 apptaet
361 2399 393 2434 ex
404 2386 452 2436 bac
465 2387 649 2450 inscriptione:
803 2383 870 2450 qued
893 2383 953 2433 etita
974 2383 1186 2444 adscribebantur
1207 2387 1328 2450 inermes,

289 2473 316 2509 r.
333 2473 482 2510 narratus.
501 2474 562 2511 tur.
579 2475 716 2512 anecvava
803 2461 846 2524 qui
858 2458 1028 2508 succederent
1040 2460 1144 2508 armatis
1157 2459 1291 2524 militibus,
1301 2463 1327 2511 id

239 2547 378 2584 accensus.
391 2548 515 2584 vaurts.
526 2549 567 2586 nr·
579 2549 763 2588 aauaursnta
803 2545 852 2592 est,
867 2535 889 2585 ai
901 2535 957 2599 quis
968 2548 1055 2585 serunt
1068 2535 1232 2598 deperisset.'
1249 2539 1312 2592 Dee.

239 2624 392 2662 aunuente.
412 2625 562 2664 ranenras.
582 2627 664 2663 erare.
681 2627 763 2664 urru-
836 2617 846 2642 ¹
862 2609 917 2658 Hos
927 2615 949 2658 et
959 2611 1069 2659 adetum
1079 2610 1198 2675 dicebant]
1209 2612 1276 2664 Vide
1287 2630 1328 2665 sn·

446 2700 496 2736 no.
514 2701 548 2737 ῃ
804 2699 850 2748 pra
861 2683 1042 2733 tn‘adcenai.’
1073 2685 1327 2739 lideutetFerenta·

239 2763 635 2814 uncrrtaa.artrrrtni.vxou1.
650 2777 717 2814 atre.
728 2778 763 2816 st·
804 2761 834 2809 rii
845 2759 921 2808 Varr.
930 2758 963 2808 de
976 2761 1029 2809 rita
1040 2761 1127 2824 popuii
1140 2762 1213 2812 Reus.
1229 2763 1274 2813 lib.
1283 2777 1327 2814 nt.

381 2836 480 2890 aleva.
497 2850 539 2887 nr.
557 2837 616 2887 svis
805 2835 866 2886 'De
886 2834 1033 2899 ascriptitia
1052 2850 1109 2887 eunt
1122 2845 1197 2887 erant
1208 2841 1327 2890 attributi

255 2911 396 2964 transtris.
414 2913 747 2964 nraanranue.eos·ran1s·
804 2909 993 2960 Decurionibus
1014 2919 1041 2960 et
1058 2911 1266 2976 centurionibus,
1285 2917 1329 2980 qui

406 3000 471 3040 usa.
489 2999 596 3036 aunum
804 3002 891 3038 eurum
916 2987 1040 3038 baberent
1056 3003 1199 3054 numerum,
1221 2991 1325 3043 aduensi

239 3067 307 3118 Item
324 3070 397 3130 patet
414 3079 447 3114 ex
465 3065 514 3114 alie
526 3079 598 3125 saxu,
608 3065 676 3129 qued
688 3072 726 3116 eet
738 3066 763 3116 in
804 3063 973 3113 vocabantur.
991 3063 1185 3116 Eosdemetiarn
1198 3069 1327 3120 recubant

240 3141 281 3190 sia
299 3140 386 3204 nppu
399 3140 518 3201 Formiis,
530 3146 559 3189 nt
575 3141 701 3198 omnibus.
719 3142 762 3206 qni
801 3138 954 3190 ferentarius
972 3141 1015 3204 qni
1034 3140 1221 3204 depugnabant
1232 3145 1326 3207 pugnis

169 3207 172 3213 ’
239 3216 368 3278 Neapetin
380 3213 586 3280 proficiscuntur,
601 3215 627 3264 in
639 3231 763 3282 eunspec·
800 3223 828 3265 et
847 3214 984 3279 lapidibus,
1004 3214 1033 3264 'tir
1055 3217 1133 3265 arrnia
1151 3233 1209 3280 qna
1228 3216 1326 3269 ferreu-

239 3297 267 3339 tu
278 3291 320 3340 sit.
802 3299 844 3340 tur
856 3304 905 3340 nnn
921 3305 978 3355 qua
996 3292 1162 3341 tenerentur!
1180 3292 1255 3343 Idem.

365 3379 389 3414 1..
407 3376 560 3414 sarnunto.
573 3376 596 3412 t..
608 3377 632 3414 r.
834 3365 912 3416 *Alii
927 3364 1043 3428 seruies]
1060 3364 1193 3417 ddceruue
1209 3376 1294 3419 tamen
1311 3385 1327 3419 a

398 3451 602 3490 rancurnont
801 3443 904 3491 rotariis
925 3440 1040 3492 diverses
1061 3441 1150 3500 fuisse,
1173 3445 1213 3494 vei
1236 3445 1325 3496 unicus

370 3528 495 3566 scarane.
511 3527 633 3565 tentate.
801 3517 888 3566 Ptsnti
900 3516 970 3567 iocus
983 3515 1060 3567 fidem
1075 3515 1164 3581 faciet,
1181 3533 1213 3570 aa
1231 3521 1326 3570 Prieni.

372 3605 503 3642 accenso.
520 3603 623 3641 vanarn
797 3591 958 3658 ‘Sequimini
979 3592 1025 3641 Me
1047 3593 1094 3642 bae
1115 3593 1188 3642 sultis
1210 3595 1325 3656 teriones

355 3657 460 3723 fietne.
477 3681 654 3724 uetuerunt.
801 3681 889 3717 ornnes
913 3667 1046 3716 Lauerna.
1069 3666 1112 3715 ubi
1128 3669 1219 3718 rorarii
1235 3669 1325 3719 Estis?

365 3759 511 3798 crearunt.
528 3758 640 3795 vtanvat
801 3743 840 3794 En
851 3748 919 3791 sunt.
951 3740 1002 3790 Ubi
1014 3751 1072 3790 sunt
1083 3745 1201 3793 ascensii
1235 3745 1325 3794 Eece.'

353 3834 492 3873 sarnunto.
507 3832 644 3869 cenentur
802 3818 902 3867 Rurarit
912 3825 998 3866 autern
1013 3817 1179 3877 distinere,
1195 3817 1258 3883 ‘qni
1271 3820 1324 3870 bei-

373 3910 458 3946 unnu.
475 3906 624 3945 nanturra
801 3895 853 3942 turn
872 3892 1069 3944 committebant
1088 3900 1156 3955 ante,
1174 3892 1233 3944 iden
1254 3897 1324 3959 quud

366 3983 496 4026 urentur.
518 3981 632 4018 nortona
801 3975 860 4017 ante
872 3975 949 4028 rorat,
964 3981 1038 4031 quarn
1052 3968 1136 4031 ptuit‚’
1149 3969 1224 4020 Varr.
1236 3971 1283 4021 lib.
1296 3985 1323 4022 ν.

320 4059 485 4096 centaurus.
502 4057 560 4093 era.
577 4056 679 4095 eausa.
800 4043 833 4092 de
846 4042 874 4091 Ι..
885 4042 912 4090 L
929 4041 1004 4090 Idea.

446 4133 543 4170 rostra
831 4118 980 4178 ¹’Attsestutu
990 4118 1141 4184 [Adsuetus]
1151 4121 1258 4172 Veteres
1270 4120 1325 4174 edi·

421 4209 444 4248 ι.
461 4209 488 4247 n.
505 4209 531 4247 n.
547 4209 575 4246 n.
600 4193 728 4248 Jos.Scsi.
801 4194 891 4260 bouet,
908 4195 1043 4254 Adsestntu.
1082 4193 1175 4247 Recte.
1215 4197 1324 4250 Plautus
