3052 4888
277 371 339 440 186
608 387 722 438 saxrr
747 383 902 435 rournrr
928 383 1033 434 rssrr

276 527 470 594 Conraliis¹
491 533 542 594 est
554 528 712 612 planities
728 528 874 594 exomni
888 533 979 611 parte
992 525 1233 609 comprehensa
1247 521 1364 590 montl-

317 631 393 708 bus,
407 630 605 695 collibusve.
638 630 751 695 Vallis
773 629 904 694 duobus
926 629 1085 694 lateribus
1103 628 1233 692 inclusa
1257 626 1365 710 plani·

320 733 395 796 ties.
438 729 548 795 Vallis
564 731 800 796 deminutivum
816 728 986 795 Vallicula
997 728 1086 793 lacit.

276 831 454 898 Conventus
465 839 501 879 ²¹
523 832 670 898 conditio
682 832 864 907 dicebatur,
877 850 953 895 cunr
967 832 1094 913 primus
1107 847 1214 896 sermo
1225 825 1269 891 de
1280 845 1363 909 nup-

319 934 389 1010 tiis,
404 941 439 997 et
454 951 569 998 aarum
583 931 773 996 conditione
789 931 981 996 habebatur.

276 1033 490 1099 Conventus·
512 1037 656 1116 quatuor
670 1031 779 1096 modis
792 1031 993 1113 intelligitur.
1037 1028 1126 1104 Uno,
1137 1049 1213 1094 cum
1226 1027 1365 1113 quamli-

319 1137 375 1200 bet
389 1135 552 1200 bominem
563 1135 607 1198 ab
619 1133 733 1216 aliquo
756 1137 957 1197 conventum
971 1150 1046 1196 csse
1060 1131 1202 1195 dicimus
1215 1151 1224 1210 ;
1249 1130 1364 1206 altero,

319 1256 395 1302 curn
410 1234 612 1317 significatur
626 1233 800 1300 multitudo
814 1253 858 1299 ex
873 1233 1102 1316 compluribus
1117 1232 1293 1313 generibus
1308 1229 1365 1295 bo-

318 1338 443 1402 minum
461 1341 630 1401 contracta
650 1336 683 1399 iu
705 1353 808 1398 unum
829 1335 960 1414 locum3
984 1335 1090 1410 tertia
1105 1352 1180 1397 cum
1198 1351 1220 1396 a
1244 1332 1365 1412 magis·

318 1437 459 1504 tentibus
467 1436 589 1521 judicii
602 1453 709 1502 causa
722 1435 869 1520 pupulus
889 1437 1120 1516 congregatum
1142 1437 1276 1515 quarto,
1291 1450 1366 1496 cum

318 1540 465 1622 aliquem
479 1539 513 1601 in
527 1537 640 1602 locum
654 1535 834 1620 frequentia
856 1535 1026 1600 bominum
1038 1533 1296 1617 supplicationis
1308 1538 1366 1597 ant

318 1639 546 1721 gratulationis
560 1659 665 1704 causa
678 1638 853 1720 colligitur.

727 1803 740 1824 θ
743 1803 757 1822 Ι
760 1799 906 1822 ‘mulo

305 1903 394 2018 eidam
407 1904 527 1954 coarmata
538 1901 580 1951 rel
591 1900 729 1952 Consentia.
760 1901 829 1953 scal.
840 1907 868 1952 et
885 1901 949 1952 nne.
960 1897 1098 1963 legendum
1117 1900 1223 1948 manant
1244 1897 1365 1945 Conventa

277 1984 304 2018 ω
340 1968 389 2018 'ebe

764 2058 871 2111 NOTAE

275 2158 412 2218 tegendum
449 2156 483 2205 alt
511 2153 627 2216 Cuniculi,
654 2160 685 2204 ut
711 2168 798 2217 supra.
839 2154 902 2204 Dae.

275 2231 351 2284 Quod
369 2240 396 2279 et
420 2230 476 2292 ipae
498 2228 687 2278 Grammaticus
712 2227 799 2278 decla·
870 2237 880 2262 ¹
898 2230 1043 2294 Consentes]
1061 2227 1119 2279 linc
1136 2227 1215 2291 priori
1228 2228 1307 2278 modu
1318 2229 1366 2278 'l'e-

275 2313 324 2366 rat¹
335 2319 393 2354 cum
408 2303 472 2354 dicit
486 2301 698 2354 ‘conniventibus
710 2304 797 2368 palpe-
839 2311 906 2354 rent.
920 2305 1018 2368 assyr.
1031 2318 1058 2354 v.
1071 2309 1094 2354 l.
1111 2309 1118 2332 ⁶
1133 2303 1193 2353 Nou
1209 2303 1258 2352 boe
1273 2303 1308 2353 da
1328 2304 1366 2353 rri-

273 2381 346 2432 bris.’
361 2382 414 2432 dos.
426 2381 491 2431 Seni.
837 2379 890 2429 bilo
908 2379 976 2444 qtrnd
994 2380 1092 2430 Laches
1112 2394 1178 2430 uuae
1195 2393 1236 2428 me
1253 2393 1366 2430 consen·

306 2456 695 2520 ¹cmsattn1aaaeteatus.
728 2455 798 2504 atate
839 2455 1025 2520 tumenpetlt.'
1059 2455 1159 2519 Reliqui
1175 2464 1229 2505 tres
1246 2456 1367 2506 madiae·

273 2535 366 2590 Varrc,
376 2533 419 2597 qui
431 2529 585 2582 ‘convallia’
596 2529 646 2580 dici
658 2531 747 2595 putat‘
756 2543 798 2580 ca·
838 2535 946 2594 quantae
957 2529 989 2578 ad
1002 2543 1079 2578 unum
1094 2537 1122 2578 et
1133 2528 1241 2578 eundem
1256 2537 1366 2592 possunt

274 2607 433 2657 satasatlis!
450 2608 512 2657 Dae.
838 2603 941 2655 referri.
985 2605 1051 2654 Nam
1075 2619 1090 2653 a
1112 2603 1279 2654 consentibus
1301 2618 1366 2668 qnos

305 2686 316 2722 t
346 2681 485 2744 Conventa]
520 2680 632 2731 Omnino
661 2680 798 2744 legendnm
839 2680 1017 2744 Magistratus,
1027 2681 1080 2728 alre
1093 2679 1120 2728 in
1131 2678 1215 2729 ltalia
1227 2678 1366 2742 proiecta·

276 2759 395 2806 Ganuenta
406 2754 517 2804 mum.
546 2755 612 2804 Nam
624 2763 651 2806 et
663 2756 689 2805 id
701 2757 798 2819 simpli·
838 2757 873 2804 ris
891 2762 918 2805 et
935 2755 960 2805 in
976 2753 1114 2818 provinciis
1126 2755 1187 2817 suis,
1197 2755 1252 2802 sire
1266 2753 1365 2816 Rome,

271 2832 340 2880 citer
355 2830 492 2879 dicabatur
511 2830 635 2886 conditio,
658 2830 725 2880 unde
745 2829 797 2880 l'or·
838 2833 881 2897 qul
893 2833 1091 2882 eteancents'anes
1105 2831 1266 2894 dicebantur,
1277 2837 1306 2880 ut
1318 2845 1366 2894 pa·

273 2905 341 2954 mala
359 2904 475 2968 repudii:
493 2905 501 2932 ‘
514 2903 669 2954 conditione
688 2911 732 2954 tua
748 2919 798 2954 uon
838 2915 878 2958 tet
888 2922 920 2956 ea
932 2909 1059 2970 Varrone,
1071 2907 1153 2973 quiris
1167 2906 1211 2955 alii
1227 2914 1306 2956 cratus
1316 2907 1364 2956 ba·

273 2981 357 3032 utor:’
384 2988 411 3031 et
431 2980 500 3045 quod
520 2979 665 3042 dicebatur,
682 2981 797 3030 ‘Parem
837 2984 933 3032 minum
945 2995 1106 3046 quacumque
1120 2981 1155 3031 de
1168 2995 1256 3043 eausa,
1267 2997 1366 3032 unam·
1388 3036 1394 3048 .

272 3065 312 3108 tas
324 3057 411 3110 liberis
429 3057 481 3108 suis
494 3055 654 3108 conditiones
665 3054 797 3123 quarere!
837 3062 875 3107 tas
892 3055 957 3106 dicti
975 3063 1042 3105 errat.
1073 3054 1125 3104 Sed
1141 3069 1192 3106 non
1207 3062 1366 3120 praetereun-

271 3134 324 3182 dos.
335 3133 398 3183 Scat.
838 3131 1041 3196 dampnamus
1057 3129 1159 3180 nornine
1178 3136 1304 3194 praeterea
1320 3131 1364 3181 de·

306 3206 797 3271 CeaamtaeoaditioJLegeudnm,ntin
837 3209 931 3272 signari
952 3220 1044 3269 corpus
1066 3205 1158 3255 civium
1181 3207 1364 3268 Romanorum,

272 3281 396 3342 margine,
423 3285 536 3328 conuenta
569 3281 680 3342 conditis,
699 3297 755 3344 qna
770 3287 798 3331 et
837 3285 924 3349 quiin
944 3284 1074 3348 quibusvis
1095 3282 1198 3346 oppidis
1218 3289 1294 3333 antra
1313 3284 1364 3333 La-

269 3356 372 3406 eonds'tia
395 3354 513 3404 abacista
530 3354 682 3417 dicabatur;
699 3356 725 3404 id
746 3365 798 3418 eat,
838 3361 911 3418 tium,
920 3357 1068 3422 negotiandi
1079 3371 1155 3406 causa
1164 3357 1302 3422 degebant,
1311 3372 1364 3422 qua

272 3431 429 3494 cunjunctio,
442 3431 481 3480 uel
498 3429 585 3493 pactio
603 3429 758 3493 nuptiarum,
769 3438 797 3481 et
837 3435 1011 3496 appellatione
1030 3434 1232 3483 accersebantur
1243 3433 1275 3484 ab
1288 3435 1364 3499 uppi-

271 3507 465 3569 apcnnaiiurnm.
501 3505 586 3555 Plaut.
604 3505 690 3555 Aulai.
707 3519 751 3555 ιιι.
771 3513 796 3556 n.
836 3506 910 3556 dania
922 3507 1266 3571 apud'lulilumaapissirne.
1291 3507 1363 3559 litia

270 3579 410 3628 ‘Narravi
434 3579 522 3628 amicis
549 3579 638 3628 multis
664 3581 795 3631 consilium
836 3579 911 3630 Orat.
930 3594 976 3643 pru
990 3583 1063 3632 Sext.
1079 3583 1134 3631 ‘Et
1149 3589 1201 3630 tum
1218 3590 1363 3634 conventas

271 3670 356 3706 meum
369 3655 409 3704 De
420 3653 567 3703 conditione
579 3637 646 3704 bae?
669 3654 734 3706 lude
745 3655 796 3708 ior·
836 3656 879 3704 ille
892 3657 997 3718 Capua,
1016 3657 1069 3720 qul,
1086 3647 1315 3720 propter'sstmesa
1332 3653 1362 3708 il·

271 3734 339 3784 mula
357 3729 472 3795 repudiis
495 3729 663 3781 ‘conditione
682 3739 727 3783 tua
745 3747 795 3784 non
836 3729 886 3779 lius
913 3730 992 3791 urbis,
1018 3730 1153 3782 consulatu
1182 3741 1362 3784 conservatam

270 3808 351 3860 utues'
368 3817 396 3858 et
418 3804 485 3871 qnod
498 3804 641 3871 dicebatur,
657 3808 795 3872 ‘parentes
836 3819 902 3867 meo,
916 3819 957 3855 rna
972 3819 1049 3854 uuum
1068 3814 1204 3868 patronum
1215 3804 1362 3872 adoptarit,

270 3885 357 3934 liberis
384 3884 438 3932 auis
465 3881 625 3932 conditiones
659 3881 794 3948 quarere!
834 3881 894 3931 bnic
905 3883 971 3945 apud
984 3897 1024 3932 me
1036 3883 1159 3933 maximas
1173 3884 1270 3948 gratias
1288 3885 1362 3948 egit!

272 3956 419 4007 Notandum
441 3958 519 4007 etiam
541 3958 643 4007 mnditia
667 3958 794 4008 interdum
834 3957 887 4006 Ubi
915 3958 1086 4008 ‘consectus
1109 3960 1152 4008 ilie
1180 3959 1297 4023 enpaae‚’
1318 3967 1361 4010 est

270 4045 322 4080 nnn
340 4033 372 4081 de
388 4033 494 4097 nuptiis,
510 4032 555 4082 aad
568 4032 601 4082 da
611 4035 708 4097 stupris
720 4033 795 4082 intel·
834 4046 928 4096 corpus
945 4033 1038 4083 cisium
1058 4033 1230 4085 Rornanorum
1248 4035 1293 4101 qui
1310 4035 1360 4087 Ca·

272 4107 325 4167 ligi.
357 4107 464 4158 Sueten.
476 4107 586 4170 August.
602 4122 660 4172 cap.
674 4113 715 4157 69.
740 4107 796 4158 ‘Et
835 4122 893 4172 pute
906 4107 1044 4171 degabint.
1062 4109 1135 4159 luem.

271 4180 431 4236 conditones
458 4184 579 4247 qrraesitas
606 4199 652 4248 per
683 4183 794 4234 amiens?
