2980 4888
255 323 278 388 s
717 334 870 384 nronnrr

148 449 150 454 Ι
256 495 316 542 eus
344 431 430 544 mile
459 477 644 542 intellectus
671 478 706 541 in
730 494 814 542 rcce
836 471 1023 562 prosarum:
1046 477 1057 509 ‘
1069 471 1177 559 Cujus
1197 469 1334 554 (Verrii)

256 578 443 660 opinionem
465 597 573 662 neque
593 579 627 642 in
643 577 719 655 boc,
744 595 851 660 neque
865 577 899 641 in
915 575 994 640 eliis
1013 573 1236 659 compluribus
1250 573 1334 638 retu·

255 683 325 742 tare
338 678 469 743 minime
485 697 623 744 necesse
637 683 701 755 est,
716 696 793 742 cum
809 676 1017 761 propositum
1032 675 1172 740 babeam
1186 695 1230 739 ex
1246 679 1336 739 tanto

256 777 415 843 librorum
440 777 515 862 ejus
538 798 675 844 numero
697 778 909 842 intermortua
927 777 999 861 jam
1020 780 1055 841 et
1072 776 1205 860 sepulta
1225 777 1336 851 rerba,
1467 772 1471 783 '

255 885 355 964 atque
379 881 458 963 ipso
484 899 575 963 saepe
593 879 768 944 confitente
788 879 914 944 nullius
936 897 1016 944 usus
1038 886 1097 943 ant
1119 877 1337 952 auctoritatis,

255 983 431 1062 preterire,
447 989 480 1048 et
494 982 623 1066 reliqua
637 999 736 1066 quam
751 981 945 1046 brevissime
959 979 1103 1062 redigere
1115 979 1149 1042 in
1163 978 1268 1042 libros
1280 977 1338 1042 ad·

255 1082 390 1148 modum
413 1101 550 1168 paucos.
593 1083 645 1148 Ea
668 1089 781 1147 autern
795 1082 836 1146 de
850 1083 975 1165 quibus
989 1081 1161 1156 dissentio,
1176 1089 1211 1144 et
1223 1084 1337 1162 aperte

254 1188 288 1247 et
301 1184 442 1250 breviter
456 1194 495 1250 ut
508 1186 618 1249 sciero
640 1183 767 1267 scripta
780 1183 814 1247 iu
835 1182 888 1247 bis
906 1183 987 1247 meis
1006 1181 1101 1248 libris
1120 1180 1337 1254 invenientur,

256 1283 313 1365 qui
338 1285 558 1352 inscribuntur
581 1284 751 1369 priscorum
780 1282 942 1347 verborum
968 1303 1034 1348 eum
1064 1279 1226 1365 exemplis!
1270 1278 1338 1346 Sed

254 1383 327 1450 baro
349 1391 476 1452 tantum
497 1389 636 1452 manunt
651 1383 745 1450 Festi
763 1385 937 1451 consilium
956 1383 1072 1460 fuisse,
1086 1385 1122 1448 in
1136 1381 1230 1447 bisce
1244 1381 1339 1448 libris

255 1481 466 1550 desertorum
486 1485 718 1574 significatione,
734 1485 843 1552 Verrii
859 1485 974 1552 Flacci
989 1485 1139 1570 ejusdem
1153 1482 1338 1566 argumenti

255 1585 359 1651 libros
379 1588 413 1652 in
434 1589 599 1673 epitomen
614 1589 774 1671 redigere,
789 1588 968 1672 praeteritis
978 1594 1104 1652 tanturn
1118 1585 1225 1650 verbis
1238 1585 1338 1648 inter·

256 1686 394 1752 mortuis
417 1693 450 1752 et
471 1691 621 1773 sepultis.
645 1719 652 1734 ·
679 1689 764 1752 Tum
784 1694 819 1752 et
840 1689 975 1752 alterurn
1000 1688 1155 1752 volumen
1174 1685 1337 1750 conticere

252 1787 424 1872 priscorum
437 1790 596 1854 cerberum
610 1810 677 1853 cum
691 1786 843 1873 exemplis,
855 1789 911 1854 ubi
923 1808 964 1854 es
978 1794 1105 1853 tentum
1119 1787 1236 1854 reterre
1245 1787 1339 1869 cogi·
1480 1789 1481 1802 ¹

256 1891 350 1952 tabat
378 1910 455 1973 quae
476 1893 513 1954 in
536 1891 703 1974 prioribus
726 1891 818 1956 bisce
836 1889 878 1955 de
899 1893 1073 1957 verborum
1099 1888 1339 1972 significatione
1480 1903 1481 1994 ὲ

256 1991 483 2071 prseteriisset,
504 1997 541 2055 et
560 1993 699 2058 breviter
713 2011 754 2056 aa
769 1991 810 2056 de
824 1992 945 2076 quibus
959 1990 1146 2056 dissentiret
1159 1999 1338 2074 exponere.

257 2088 301 2153 Et
313 2090 384 2154 brec
399 2092 494 2158 aliter
507 2092 642 2176 intelligi
662 2113 729 2158 uon
749 2112 851 2176 posse
871 2093 1062 2158 fatebuntur
1086 2091 1145 2176 qni
1168 2091 1339 2156 attendent

257 2189 395 2255 Festum
410 2192 444 2255 in
460 2193 551 2257 bisce
573 2193 615 2258 de
638 2196 813 2259 verborum
838 2194 1080 2277 significatione
1100 2194 1204 2268 libris,
1230 2211 1340 2276 neque

253 2289 365 2356 Verrii
379 2292 665 2376 reprehensionem
680 2296 854 2361 instituere
869 2301 1107 2380 preterquam
1128 2294 1163 2358 in
1176 2293 1263 2358 locis
1278 2292 1339 2357 ad-

255 2391 390 2457 modum
402 2395 531 2477 paucis,
546 2414 651 2480 neque
666 2397 772 2461 multo
784 2398 886 2462 verbe
901 2398 1115 2462 intermortua
1130 2402 1188 2460 ant
1207 2395 1339 2480 sepulta

255 2492 475 2579 referreque
492 2497 628 2562 scilicet
646 2499 680 2563 in
704 2498 806 2563 alium
830 2498 942 2564 locum
965 2499 1164 2574 reservabat,
1191 2495 1281 2580 quod
1305 2503 1339 2559 et

255 2597 329 2678 ipse
343 2601 481 2662 testetur
495 2598 630 2663 alicubi.
659 2597 750 2664 Audi
763 2598 858 2663 illum
872 2601 905 2663 in
918 2617 999 2662 vnce
1017 2594 1157 2660 Tatium:
1182 2597 1338 2661 ‘Tatium

257 2698 408 2762 occisum
433 2699 482 2763 ait
502 2699 640 2766 Lavinii
666 2700 710 2764 ab
726 2699 843 2765 amicis
857 2716 971 2764 corum
982 2698 1173 2780 legatorum,
1188 2713 1274 2781 quos
1289 2699 1340 2761 in·

254 2799 452 2863 tersecersnt
480 2800 613 2866 Tetiani
641 2801 801 2880 latrones,
830 2800 891 2864 scd
920 2799 1089 2883 sepultum
1114 2801 1147 2864 in
1168 2797 1339 2864 Aventino

256 2898 415 2964 Laureto.
459 2898 559 2978 Quod
588 2900 632 2966 ad
657 2900 933 2984 significationem
958 2901 1131 2965 verborum
1155 2919 1222 2964 nnn
1232 2902 1339 2983 magis

255 3001 410 3082 pertinet,
424 3019 524 3084 quem
537 3002 642 3066 mults
657 3001 724 3066 alia
738 3007 771 3066 ct
784 3001 953 3084 preterita
957 3001 1029 3085 jem
1042 3011 1077 3066 ct
1090 3001 1245 3085 deinceps
1260 3021 1338 3086 qum

255 3101 452 3166 reserentur?
482 3101 550 3167 Ubi
566 3123 641 3168 cum
655 3102 746 3166 dicat
759 3102 880 3168 Festus
895 3101 1011 3186 sejam
1022 3101 1128 3166 multa
1137 3101 1338 3184 praeteriisse

256 3218 333 3283 quar
347 3199 505 3286 deinceps
519 3205 681 3269 relaturus
697 3211 796 3283 esset,
813 3213 925 3288 operte
938 3202 1108 3286 significat
1121 3222 1159 3266 se
1172 3222 1214 3267 ea
1229 3207 1339 3270 omnia

255 3301 289 3366 iu
300 3301 402 3366 libros
412 3302 584 3384 priscorum
598 3303 758 3367 verborum
772 3323 970 3369 reservasse.
1000 3303 1123 3388 Neque
1137 3305 1224 3368 enim
1233 3304 1338 3373 multe

256 3401 364 3467 sdbuc
379 3403 414 3468 in
429 3404 531 3470 libros
543 3404 580 3468 de
593 3403 754 3469 verboram
763 3403 987 3491 significatione
997 3405 1158 3470 relaturus
1168 3412 1253 3481 erat,
1263 3423 1339 3470 cum

249 3501 322 3588 jam
336 3503 379 3566 ed
393 3523 502 3569 eorum
515 3511 633 3571 metam
648 3507 865 3591 pervenisset.

298 3604 449 3670 Necesse
464 3609 514 3670 est
527 3605 627 3689 igitur
641 3607 780 3673 Festum
794 3607 969 3692 scripsisse
983 3603 1022 3670 de
1041 3603 1201 3672 uerborum
1217 3601 1339 3690 signfi-

255 3704 383 3782 cotione,
405 3713 441 3770 et
455 3703 493 3769 de
505 3706 603 3771 cerdis
613 3707 734 3792 priscis.
779 3707 986 3774 Posteriores
997 3707 1068 3790 ejus
1084 3705 1339 3770 lucubrationes

254 3803 353 3889 plene
381 3805 621 3886 interciderunt,
651 3811 764 3894 nescio
788 3810 888 3873 etiam
912 3827 954 3873 en
977 3824 1123 3890 unquam
1146 3807 1179 3870 in
1198 3803 1339 3889 publico

254 3907 337 3972 risen
362 3908 439 3971 sint.
483 3908 640 3974 Dubitari
655 3916 742 3974 certe
757 3915 870 3993 potest
883 3927 925 3974 an
940 3928 999 3972 eas
1011 3911 1129 3972 auctor
1143 3905 1338 3982 absolverit,

254 4005 307 4072 vel
329 4027 349 4071 e
373 4007 527 4073 manibus
550 4010 621 4075 suis
645 4011 802 4089 emiserit,
825 4027 1013 4093 quanquam
1029 4007 1072 4074 ad
1095 4026 1209 4072 earum
1223 4023 1339 4072 axem·

253 4105 348 4192 plum
362 4106 557 4190 Fulgentius
570 4110 748 4178 Placiades
762 4111 879 4176 librum
894 4127 992 4174 unum
1007 4108 1221 4190 inscripsisse
1243 4106 1338 4174 ride·

255 4217 325 4276 tur:
349 4207 508 4296 dispositio
524 4231 695 4280 sermonum
708 4211 904 4300 antiquorum
917 4230 984 4276 cum
999 4207 1188 4274 testimoniis.
