2980 4888
649 380 688 427 Ι.
710 377 843 429 null
869 379 1001 430 renuet

751 589 842 656 [211³.
857 589 901 654 V.
1013 649 1018 657 ,

329 741 455 807 Saeve
473 761 518 804 rer
529 748 583 819 ert,
595 737 667 803 dum
678 737 882 817 rohotrencr,
894 756 997 822 qnare
1006 738 1146 824 permiti
1157 736 1363 821 Apolliuiaiu

290 862 392 910 scena
413 843 580 920 dictitent,
602 859 741 907 causam
755 838 897 905 Verrius
918 841 953 904 in
973 840 1061 906 libro
1079 839 1207 924 quinto,
1229 857 1363 923 qnorum

287 945 393 1029 prima
407 950 460 1009 ert
481 942 511 1008 P
524 942 634 1022 litera,
645 941 799 1007 reddidit.
843 938 942 1018 Quod
955 939 995 1004 (2.
1009 940 1173 1024 Sulpicio,
1188 939 1230 1004 (l.
1246 938 1363 1006 Fuluio

287 1044 501 1124 Consulibolr,
522 1046 582 1108 tm.
627 1039 674 1107 At
693 1043 728 1106 iu
750 1040 814 1108 hoc
836 1042 923 1106 libro
945 1042 1043 1108 relert
1063 1041 1170 1107 Siuuii
1192 1039 1364 1124 Capitonis

284 1145 399 1223 rerba,
427 1148 505 1210 irc·
532 1143 643 1223 Quam
671 1144 927 1210 inconstantiam
953 1140 1061 1208 Verrii
1083 1143 1188 1208 uoatri
1208 1160 1277 1206 nco
1299 1143 1363 1206 sine

286 1246 404 1311 rubore
421 1245 539 1312 retuli·

731 1359 822 1424 LIB·
836 1360 901 1426 vl.

646 1615 847 1682 lrtcttltrt
868 1614 1013 1682 LIBRI.

328 1795 623 1862 Bacarruorrruu
640 1796 726 1859 siout
744 1794 1004 1876 magnitudinem
1019 1793 1157 1861 Verrius
1181 1793 1285 1880 (aliae
1299 1791 1365 1858 Va·

284 1901 355 1974 rus)
367 1897 473 1961 dixit.t

326 1995 504 2080 Impetum,
533 1993 742 2073 industrium,
766 1995 988 2080 indulgentem
1006 1997 1153 2080 perinde
1179 1997 1366 2081 compotita

282 2096 488 2173 aitVerrins,
500 2102 603 2179 atque
614 2097 812 2180 impunie,ct
825 2097 999 2165 immunia:
1015 2098 1097 2163 milri
1110 2117 1175 2164 nou
1191 2099 1276 2162 satir
1292 2115 1366 2180 per·

282 2197 428 2262 suadet*

326 2295 523 2380 Mumplrula
543 2297 733 2380 appellatur
754 2299 850 2382 paule
874 2297 1003 2382 Syriaci
1016 2318 1131 2384 genua,
1145 2298 1306 2382 quod,'ut
1318 2297 1366 2362 ait

283 2397 435 2477 Verrius,
449 2399 483 2464 in
497 2397 630 2464 clibano
642 2402 729 2476 aute,
749 2417 848 2482 quem
862 2407 1093 2484 percoquatur,
1108 2396 1234 2466 decidit
1246 2398 1281 2462 in
1296 2415 1367 2463 car·

281 2502 394 2578 bones,
409 2501 628 2584 cineremque,
641 2501 715 2564 ec:

325 2599 436 2665 Mater
451 2600 596 2681 Matuta,
619 2619 747 2678 maner,
770 2620 876 2682 mane,
892 2603 1148 2681 matrimonium,
1163 2601 1366 2668 materiami-

280 2702 348 2780 lira,
376 2703 563 2778 matertere,
585 2703 749 2782 matrices,
773 2701 919 2768 materiae
942 2701 1043 2768 dictm
1066 2701 1232 2780 videntur,
1254 2709 1293 2767 ut
1315 2702 1365 2768 ait

280 2802 431 2879 Verrius,
447 2802 528 2884 quie
540 2803 607 2866 rint
619 2804 717 2880 bona,
730 2804 811 2867 ω

324 2901 488 2967 itenere
503 2902 781 2982 amagletratibue
795 2921 860 2967 uon
875 2905 1179 2982 summovebantur,
1188 2906 1249 2968 dcc.
1263 2903 1364 2987 qua'm

280 3007 326 3072 ob
339 3021 477 3070 musam
490 3001 539 3068 ait
558 2997 696 3066 Verrius
717 3021 812 3086 rreqroe
829 3021 934 3066 eorum
946 3002 1027 3068 or'ror
1042 3005 1286 3070 sedenteacum
1299 3024 1363 3070 ux·

279 3105 393 3170 oribus
407 3105 442 3168 in
456 3102 620 3182 vehiculo,
636 3103 836 3169 descendere
845 3112 985 3168 rordorf

323 3201 515 3267 Mendicum
529 3204 597 3270 dici
609 3204 745 3271 Verrius
758 3212 853 3287 putat
866 3222 889 3269 a
902 3211 1009 3272 mente
1024 3205 1109 3289 ejus,
1121 3223 1220 3288 quem
1234 3205 1362 3272 fefelle-

278 3302 322 3368 rit
335 3301 490 3366 lortuna:
516 3302 568 3365 vel
591 3303 683 3384 qnod
702 3311 850 3386 precetur
864 3324 1039 3388 quemque,
1058 3311 1094 3371 ut
1106 3305 1194 3371 ‘vitae
1207 3325 1279 3372 aure
1294 3327 1362 3376 me-

277 3402 392 3467 deatur
405 3401 506 3466 cilio.l

318 3499 549 3582 Metaplreram
565 3518 666 3584 quam
677 3501 790 3570 Grreci
805 3509 937 3581 vocent,
949 3522 1012 3569 nor
1026 3504 1244 3585 delationem,
1254 3505 1288 3572 id
1297 3514 1360 3588 ert,

274 3600 374 3666 domo
388 3604 573 3666 mutuatum
588 3603 732 3682 verbum,
747 3624 815 3688 quo
829 3604 963 3681 utimur,
976 3603 1092 3686 inquit,
1106 3601 1256 3685 Verrius,
1269 3610 1330 3677 tm.

316 3699 475 3790 Nttucum
489 3701 537 3766 ait
550 3698 671 3766 Ateius
687 3702 885 3788 Philologus
900 3704 982 3787 poni
997 3723 1057 3788 pro
1071 3705 1177 3788 nugis,
1190 3708 1251 3773 dc.
1276 3706 1359 3786 Qui-

303 3889 313 3917 ·
329 3883 369 3934 lla
380 3886 469 3950 Ferte,
480 3883 559 3936 verbo
570 3884 647 3935 seira
658 3896 700 3935 rer
711 3891 761 3936 ert.
865 3893 882 3922 e
898 3885 939 3937 Er
948 3887 1007 3938 eod.

303 3959 611 4013 thartorelPrnlo.
865 3969 878 3995 ¹
892 3963 1161 4015 Rxl'ertoetl’role.

304 4039 316 4066 ·
335 4031 373 4080 llr
384 4036 442 4086 eod.
544 4045 552 4060 ·
864 4045 875 4080 t
893 4039 1001 4089 llxeod.
1013 4045 1176 4092 uteteeterr
1187 4043 1281 4094 omnir.

304 4113 317 4140 v
332 4105 372 4156 liu
383 4109 440 4158 eol.
