3036 4890
259 370 324 436 266
587 385 700 434 erxur
726 385 879 435 eouenu
904 385 1007 436 resur

261 527 435 594 Fuutrnmh
450 529 579 613 antiqui
590 529 754 606 dicebaut,
769 549 868 614 quem
883 550 946 594 noe
960 531 1147 595 fenestram.

226 673 234 680 -
262 630 408 695 Fetialee
420 627 446 668 ¹⁵
469 649 490 694 n
509 630 655 695 feriendo
671 630 771 694 dicti:
794 631 884 712 npud
909 631 970 694 bos
985 630 1072 695 enim
1088 631 1167 696 belli
1182 630 1342 713 pacisque

168 815 171 824 Ι
303 731 463 796 faciendae
473 731 533 815 jus
548 739 610 796 eet.

262 830 406 913 Ftnnn‚¹¹
421 853 526 916 genus
541 833 656 898 beetiae
671 832 871 917 quadrupes.
915 831 1080 896 Plautus:
1104 831 1162 896 Sin
1178 850 1233 896 me
1246 831 1347 895 subee

714 995 893 1022 mum

294 1085 307 1130 1
322 1081 371 1130 Ed.
381 1081 449 1130 scot.
467 1079 581 1129 Ferinlet.

748 1226 859 1278 NOTAE

290 1334 438 1404 enorme]
470 1339 540 1390 Nihil
563 1346 690 1401 pretereo
708 1339 781 1390 eddit
820 1335 1296 1404 quodiepntetquideitFeetre,qnod
1307 1342 1348 1386 eet

260 1415 433 1477 ineptiorirnue
445 1417 585 1478 urrrtiietor,
599 1417 648 1464 boc
663 1430 711 1466 uno
723 1429 781 1466 oon·
821 1415 914 1466 notium
925 1415 1094 1466 minusculum
1110 1417 1136 1462 iu
1154 1413 1279 1470 neoterio,
1297 1425 1348 1474 quo

260 1491 354 1551 tentor,
370 1490 494 1538 vooebuie
511 1497 607 1540 tentnm
619 1493 691 1541 nobie
702 1487 780 1554 eppo·
822 1489 901 1538 terbo
912 1491 989 1539 etiem
1002 1489 1098 1538 Enuiur
1108 1501 1165 1536 nene
1177 1485 1234 1536 eet!
1251 1486 1315 1536 Dee.

259 1573 330 1621 nere.
351 1564 550 1626 rignitioetinnie‚
568 1575 595 1616 et
611 1567 692 1616 omnio
709 1567 782 1628 ritnr,
851 1563 858 1598 ¹
876 1565 1000 1627 neuton
1017 1564 1116 1627 negoti,
1134 1563 1178 1626 qui
1193 1563 1235 1610 rel
1252 1561 1285 1609 ed
1304 1575 1348 1623 pe-

259 1645 335 1702 etque
357 1640 519 1704 untiquitetie
535 1655 648 1692 eeeurne.
679 1641 716 1692 At
737 1657 782 1690 uon
821 1639 1041 1699 censentiendum,
1061 1639 1101 1688 vei
1120 1637 1151 1686 ed
1171 1636 1265 1684 bellurn
1282 1635 1348 1683 indi-

259 1713 368 1762 otientur
383 1715 579 1766 Fertrunrt'nieee
591 1719 683 1766 ortium
692 1719 784 1766 minne-
822 1715 942 1766 cendum.
973 1715 998 1764 Α
1016 1713 1132 1764 feriendo
1153 1711 1253 1760 soedere
1270 1709 1348 1768 dieti,

260 1789 345 1838 onium
368 1791 393 1839 in
414 1795 533 1844 onerario.
578 1792 653 1845 Quod
684 1799 783 1842 tentum
820 1791 1012 1854 nutriferum,
1024 1786 1347 1850 relnsueieede‚queeise·

260 1863 344 1920 ebert.
357 1876 385 1916 nt
398 1871 598 1930 pretermittere
609 1867 728 1918 debuerit
739 1867 784 1917 eb·
820 1866 900 1926 riulan
912 1867 978 1916 unde
989 1875 1017 1914 et
1028 1865 1129 1928 quidem
1139 1861 1348 1926 perCecribnnt.

260 1938 461 2003 breviaturum,
473 1952 502 1992 nt
517 1945 593 1992 etiem
606 1945 680 1993 deeo
692 1945 783 1994 librum
821 1941 870 1992 Sed
894 1942 962 2005 epud
991 1941 1100 1990 Greooe
1121 1951 1225 2000 temper
1252 1949 1299 2000 per
1325 1937 1347 1983 Τ

253 2013 352 2076 jnotnrn
374 2017 517 2066 confecerit
535 2018 699 2068 dootieoimuo
710 2018 784 2068 eimni
823 2017 948 2080 φπιόλω.
965 2019 1053 2069 Quere
1065 2017 1162 2078 optime
1173 2013 1291 2068 Vereins,
1302 2011 1347 2076 qni

259 2097 337 2152 etque
350 2093 530 2140 retnotieeirnne
542 2093 732 2142 Gremrnetione
743 2095 782 2144 M.
823 2095 859 2142 eit
870 2093 954 2144 dictor
966 2091 1053 2151 estete,
1064 2091 1090 2139 id
1104 2098 1153 2151 eet,
1162 2090 1250 2149 funde,
1260 2103 1276 2136 u
1287 2101 1348 2136 oon·

259 2163 387 2214 Antonine
398 2165 510 2229 Gnipho.
528 2168 690 2217 Moerobiue:
700 2169 782 2218 ‘ltern
822 2183 896 2228 pereo
907 2168 933 2217 iu
944 2184 965 2217 e.
997 2167 1101 2229 Quippe
1117 2170 1145 2214 et
1160 2169 1265 2212 wem
1276 2163 1348 2211 dioe-

258 2237 387 2288 Antonine
409 2241 521 2305 Gnipho,
536 2244 574 2290 rir
592 2244 694 2302 ductor.
709 2246 782 2308 oujne
822 2243 914 2292 bentur
923 2244 997 2291 Vere.
1006 2241 1038 2290 de
1051 2242 1104 2289 vite
1114 2255 1174 2302 pop.
1187 2239 1264 2287 Rom.
1275 2238 1346 2287 ‘lte-

257 2313 369 2363 eoboietu
382 2315 473 2364 Cicero
483 2325 541 2380 poet
553 2317 721 2368 ieboremiori
733 2319 782 2368 tre·
822 2331 872 2382 qne
890 2318 956 2366 belle
974 2325 1001 2368 et
1014 2315 1098 2374 terde,
1114 2323 1140 2362 et
1160 2313 1230 2362 nobe
1241 2313 1347 2362 licentio

258 2390 501 2452 quentebet,8eiioe
522 2393 626 2442 Herculi
641 2394 782 2458 detoepro·
822 2393 1007 2454 eneoipiebent,
1035 2391 1101 2454 qnod
1125 2390 1217 2438 bettore
1240 2390 1346 2447 nulium,

259 2464 303 2514 bet
330 2467 356 2514 in
379 2481 409 2515 en
427 2467 560 2524 toinmine.
590 2483 640 2531 quo
667 2469 783 2533 dioputut
823 2467 869 2516 niti
881 2468 960 2530 pium,
971 2465 1095 2528 pntebent
1107 2465 1160 2527 geri
1175 2471 1308 2526 oportere,
1319 2469 1346 2511 ot

258 2541 320 2604 quid
332 2541 367 2591 eit
379 2543 478 2606 Fertne,
497 2544 563 2608 qnod
582 2545 725 2596 eotoetium
738 2547 783 2594 mi·
824 2545 969 2605 prineqnem
992 2540 1134 2588 indicerent
1153 2537 1249 2587 betium
1273 2539 1345 2590 iim

258 2617 391 2664 nnonutnm
404 2617 430 2664 in
447 2620 629 2681 eeorurio,qno
641 2623 719 2670 verbo
732 2621 782 2669 En·
823 2618 915 2682 quibne
934 2615 1040 2679 injuriet
1057 2613 1138 2663 secter
1156 2613 1285 2674 roiebent,
1309 2609 1347 2661 ie·

257 2689 542 2742 ninnetiemueneeet.’
575 2696 617 2744 Ite
632 2696 782 2759 jamdudum
824 2694 897 2742 tielee
913 2693 1011 2756 legntoe
1031 2704 1072 2740 ree
1098 2689 1237 2752 repetitum
1260 2689 1347 2738 mitte·

189 2803 195 2810 .
258 2765 394 2827 legendum
408 2767 433 2814 in
454 2769 588 2818 Macrobio
603 2773 724 2834 uuepioeti
741 2789 782 2820 en·
823 2769 887 2818 bunt
908 2776 1026 2831 quotuor.
1049 2781 1112 2831 quoe
1133 2769 1250 2814 oretoroe
1274 2777 1347 2814 rota-

258 2853 322 2895 mne,
341 2855 397 2890 entn
414 2855 475 2890 eooe
497 2844 647 2894 confirmate
666 2852 704 2895 eot
724 2861 781 2896 een·
821 2844 903 2894 bunt!
920 2845 995 2893 Idem.

259 2917 342 2966 tentio
360 2925 448 2967 noetro
464 2919 528 2968 libro
551 2920 678 2968 Macrobii
696 2935 782 2970 ruenn-
852 2919 963 2982 ¹¹Fiber]
981 2918 1084 2968 Anime!
1097 2916 1164 2981 qnod
1176 2924 1204 2966 et
1222 2915 1347 2977 ‘certon'

258 2992 365 3055 eeripto,
377 2994 451 3056 enjus
461 2994 561 3057 cupient
572 2993 716 3045 nobiefeoit
727 3011 782 3051 etn-
822 3004 849 3046 et
867 2995 955 3045 ‘tenio
975 2993 1103 3058 pontione'
1123 2993 1230 3043 dieitur.
1264 2993 1346 3050 Fron,

219 3091 221 3094 ·
257 3067 409 3131 tubunas,
427 3084 458 3119 ee
476 3071 780 3136 totineentiquitetiejn·
822 3070 1033 3136 quodettrenree
1054 3069 1164 3118 emnium
1186 3083 1245 3118 oree
1266 3070 1347 3131 nolet,

258 3143 345 3208 rieque
362 3146 445 3195 ciritio
465 3147 669 3210 promptuarium
688 3148 781 3198 Petrne
821 3161 884 3212 qnee
899 3145 977 3210 fibrae
998 3145 1096 3193 dixere.
1146 3143 1213 3192 Nem
1234 3144 1346 3193 Vererer

259 3218 387 3276 Pithoeus,
397 3223 494 3271 eruitur
505 3231 600 3272 noeter.
616 3225 670 3272 Joe.
680 3224 742 3274 Soet.
822 3235 895 3271 omne
916 3229 1057 3279 extremum
1085 3217 1177 3284 fibra
1208 3219 1348 3271 recubent.

291 3295 411 3358 Fertne]
430 3297 542 3345 Freeotro
559 3312 574 3345 e
592 3296 691 3359 wife,
710 3299 782 3361 quui
822 3297 898 3347 Unde
902 3297 975 3360 fibro
984 3295 1241 3357 extremejeotuorto
1252 3304 1348 3358 portet,

250 3372 371 3430 feneum.
405 3371 458 3419 Per
477 3385 608 3435 syncopen
624 3369 713 3435 fodru,
733 3375 781 3422 oiri
822 3373 970 3423 etreotinnr
992 3371 1109 3420 timbrire.
1142 3372 1225 3420 Verre
1244 3372 1290 3421 tib.
1309 3385 1348 3421 rt.

256 3447 533 3509 feetreeinrpiioitertit
544 3444 629 3508 endu,
639 3454 668 3494 ut
681 3449 782 3510 poterit
821 3448 854 3498 de
867 3450 897 3498 L.
909 3449 938 3498 b.
955 3447 1049 3496 ‘Fiber
1069 3446 1100 3496 nb
1112 3455 1230 3496 extreme
1245 3462 1291 3497 ore
1301 3446 1348 3498 de·

259 3521 375 3569 Votuino.
409 3523 500 3586 Neque
512 3523 591 3582 sretro
611 3520 661 3571 tuit
683 3523 781 3587 querit
821 3524 996 3572 miniedeutre
1007 3530 1034 3571 et
1045 3521 1268 3572 einiutremeeinte
1278 3523 1345 3588 quod

257 3594 382 3650 fenestre,
395 3609 527 3660 perquem
539 3599 583 3646 iux
602 3598 720 3656 intreret,
734 3599 780 3648 eed
821 3601 887 3649 uolet
898 3598 987 3652 rideri,
1008 3605 1035 3646 et
1048 3599 1147 3661 entiqui
1164 3597 1256 3646 tibrnru
1276 3599 1345 3647 diee-

256 3671 423 3722 nrinneoninm
434 3672 539 3721 tectorii
553 3671 656 3722 ortium.
690 3675 732 3724 Do
749 3689 782 3726 ee
821 3677 883 3726 bont
895 3681 1048 3733 extremum,
1066 3674 1132 3721 unde
1143 3673 1168 3720 in
1178 3673 1248 3734 regie
1260 3683 1345 3723 extre·

257 3750 349 3800 iibrnm
364 3751 463 3813 justum
484 3747 598 3798 confecit
618 3749 781 3802 doetieeimne
820 3749 988 3809 manubrio,
1007 3758 1034 3796 et
1053 3749 1078 3796 io
1092 3749 1182 3812 jeeore
1202 3757 1344 3800 extremum

257 3826 332 3875 eboni
351 3835 429 3891 etqne
445 3825 630 3874 retnetieebnue
646 3825 781 3876 Grnmme·
819 3826 961 3888 terquino
975 3823 1151 3873 tibernione·
1162 3823 1345 3890 UbiSeeiigen

257 3901 325 3950 tiene
336 3901 375 3951 Μ.
393 3901 519 3951 Antonine
539 3900 660 3965 Gnipbo:
680 3901 782 3952 Meoro·
821 3901 873 3951 ‘Ut
884 3915 992 3956 eoerno,
1003 3900 1116 3948 cribrum
1126 3913 1156 3960 μ
1167 3897 1245 3960 tuoto,
1257 3898 1346 3962 feben

258 3979 330 4027 bine:
355 3978 436 4028 ‘ltenr
458 3977 585 4028 Antonine
609 3978 720 4040 Gnipho,
742 3979 781 4027 vir
821 3978 906 4038 eino,
928 3977 1008 4036 iiber;
1035 3989 1050 4024 e
1074 3988 1171 4034 ereren,
1190 3975 1301 4034 ereber;
1326 3992 1342 4026 e

258 4052 356 4108 doctos.
379 4052 453 4114 enjoo
475 4053 587 4102 eobotenr
610 4053 701 4102 Cicero
724 4059 782 4115 poet
821 4051 908 4115 giobo.
920 4049 1023 4114 gteber3
1039 4064 1056 4097 e
1074 4061 1186 4109 eoerreo,
1202 4049 1312 4110 reuben
1328 4066 1344 4101 e

258 4127 368 4178 tenorem
396 4127 446 4177 t⁴ori
478 4126 670 4192 frequentebet,
698 4129 781 4178 Setino
822 4123 1342 4187 etro.onber;&noioefiuiqtiben've-

260 4201 365 4254 Heronli
378 4201 451 4252 dotet
462 4202 555 4266 probet
566 4204 592 4253 iu
603 4217 635 4252 eo
646 4205 782 4262 vomuntur,
823 4219 878 4254 runt
896 4200 1035 4252 Seimuine
1046 4199 1147 4265 fitetur
1159 4200 1214 4249 rite
1228 4200 1304 4266 flori·
1314 4209 1340 4250 et
