<?xml version="1.0" encoding="UTF-8"?>
<!DOCTYPE html PUBLIC "-//W3C//DTD XHTML 1.0 Transitional//EN"
    "http://www.w3.org/TR/xhtml1/DTD/xhtml1-transitional.dtd">
<html xmlns="http://www.w3.org/1999/xhtml" xml:lang="en" lang="en">
 <head>
  <title>
</title>
<meta http-equiv="Content-Type" content="text/html;charset=utf-8" />
  <meta name='ocr-system' content='tesseract 3.04.00' />
  <meta name='ocr-capabilities' content='ocr_page ocr_carea ocr_par ocr_line ocrx_word'/>
</head>
<body>
  <div class='ocr_page' id='page_1' title='image "./mverriiflacciqu01flacgoog/mverriiflacciqu01flacgoog_0032.png"; bbox 0 0 2980 4888; ppageno 0'>
   <div class='ocr_carea' id='block_1_1' title="bbox 553 373 1230 444">
    <p class='ocr_par' dir='ltr' id='par_1_1' title="bbox 553 373 1230 444">
     <span class='ocr_line' id='line_1_1' title="bbox 553 373 1230 444; baseline -0.007 -10"><span class='ocrx_word' id='word_1_1' title='bbox 553 382 649 444; x_wconf 66' lang='lat' dir='ltr'>Qun:</span> <span class='ocrx_word' id='word_1_2' title='bbox 663 382 828 434; x_wconf 69' lang='lat' dir='ltr'>flx&#39;l’AN&#39;l&#39;.</span> <span class='ocrx_word' id='word_1_3' title='bbox 1191 373 1230 436; x_wconf 76' lang='lat'>21</span> 
     </span>
    </p>
   </div>
   <div class='ocr_carea' id='block_1_2' title="bbox 138 523 1239 3039">
    <p class='ocr_par' dir='ltr' id='par_1_2' title="bbox 144 523 1233 710">
     <span class='ocr_line' id='line_1_2' title="bbox 145 523 1233 612; baseline 0.006 -24"><span class='ocrx_word' id='word_1_4' title='bbox 145 524 227 589; x_wconf 89' lang='lat' dir='ltr'>dam</span> <span class='ocrx_word' id='word_1_5' title='bbox 249 524 353 590; x_wconf 75' lang='lat' dir='ltr'>nucia</span> <span class='ocrx_word' id='word_1_6' title='bbox 361 523 539 607; x_wconf 74' lang='lat' dir='ltr'>juglandis,</span> <span class='ocrx_word' id='word_1_7' title='bbox 564 545 663 610; x_wconf 88' lang='lat' dir='ltr'>quam</span> <span class='ocrx_word' id='word_1_8' title='bbox 686 526 822 593; x_wconf 82' lang='lat' dir='ltr'>Verrius</span> <span class='ocrx_word' id='word_1_9' title='bbox 838 528 1032 612; x_wconf 79' lang='lat' dir='ltr'>juglandem</span> <span class='ocrx_word' id='word_1_10' title='bbox 1042 535 1149 607; x_wconf 84' lang='lat' dir='ltr'>vocet,</span> <span class='ocrx_word' id='word_1_11' title='bbox 1164 549 1233 595; x_wconf 84' lang='lat' dir='ltr'>nru-</span> 
     </span>
     <span class='ocr_line' id='line_1_3' title="bbox 144 613 728 710; baseline 0.007 -22"><span class='ocrx_word' id='word_1_12' title='bbox 144 625 249 703; x_wconf 86' lang='lat' dir='ltr'>dium,</span> <span class='ocrx_word' id='word_1_13' title='bbox 261 613 361 691; x_wconf 68' lang='lat' dir='ltr'>relat.</span> <span class='ocrx_word' id='word_1_14' title='bbox 371 624 655 710; x_wconf 78' lang='lat' dir='ltr'><strong>dissepimentum,</strong></span> <span class='ocrx_word' id='word_1_15' title='bbox 669 631 728 692; x_wconf 78' lang='lat' dir='ltr'>tac.</span> 
     </span>
    </p>

    <p class='ocr_par' dir='ltr' id='par_1_3' title="bbox 142 724 1234 1012">
     <span class='ocr_line' id='line_1_4' title="bbox 190 724 1234 813; baseline 0.005 -22"><span class='ocrx_word' id='word_1_16' title='bbox 190 724 329 802; x_wconf 84' lang='lat' dir='ltr'>Occare,</span> <span class='ocrx_word' id='word_1_17' title='bbox 343 735 378 792; x_wconf 89' lang='lat' dir='ltr'>et</span> <span class='ocrx_word' id='word_1_18' title='bbox 392 735 580 793; x_wconf 77' lang='lat' dir='ltr'><strong>occatorem</strong></span> <span class='ocrx_word' id='word_1_19' title='bbox 594 726 732 793; x_wconf 85' lang='lat' dir='ltr'>Verrius</span> <span class='ocrx_word' id='word_1_20' title='bbox 746 735 844 813; x_wconf 84' lang='lat' dir='ltr'>putot</span> <span class='ocrx_word' id='word_1_21' title='bbox 857 730 982 796; x_wconf 84' lang='lat' dir='ltr'>dictum</span> <span class='ocrx_word' id='word_1_22' title='bbox 998 732 1040 796; x_wconf 90' lang='lat' dir='ltr'>ab</span> <span class='ocrx_word' id='word_1_23' title='bbox 1062 731 1234 798; x_wconf 74' lang='lat' dir='ltr'>occaeden-</span> 
     </span>
     <span class='ocr_line' id='line_1_5' title="bbox 143 827 1217 913; baseline 0.006 -21"><span class='ocrx_word' id='word_1_24' title='bbox 143 827 204 906; x_wconf 87' lang='lat' dir='ltr'>du,</span> <span class='ocrx_word' id='word_1_25' title='bbox 220 827 310 911; x_wconf 89' lang='lat' dir='ltr'>quud</span> <span class='ocrx_word' id='word_1_26' title='bbox 324 827 434 894; x_wconf 76' lang='lat' dir='ltr'>cedat</span> <span class='ocrx_word' id='word_1_27' title='bbox 457 829 589 912; x_wconf 59' lang='lat' dir='ltr'>pandis</span> <span class='ocrx_word' id='word_1_28' title='bbox 613 831 732 913; x_wconf 79' lang='lat' dir='ltr'><strong>globos</strong></span> <span class='ocrx_word' id='word_1_29' title='bbox 750 836 867 896; x_wconf 74' lang='lat' dir='ltr'>terrae:</span> <span class='ocrx_word' id='word_1_30' title='bbox 885 851 961 896; x_wconf 88' lang='lat' dir='ltr'>curn</span> <span class='ocrx_word' id='word_1_31' title='bbox 978 831 1098 898; x_wconf 79' lang='lat' dir='ltr'>Cicero</span> <span class='ocrx_word' id='word_1_32' title='bbox 1111 851 1217 898; x_wconf 87' lang='lat' dir='ltr'>venus</span> 
     </span>
     <span class='ocr_line' id='line_1_6' title="bbox 142 928 887 1012; baseline 0.003 -18"><span class='ocrx_word' id='word_1_33' title='bbox 142 929 273 994; x_wconf 80' lang='lat' dir='ltr'>ussine</span> <span class='ocrx_word' id='word_1_34' title='bbox 288 928 380 994; x_wconf 89' lang='lat' dir='ltr'>dicat</span> <span class='ocrx_word' id='word_1_35' title='bbox 393 930 436 993; x_wconf 88' lang='lat' dir='ltr'>ab</span> <span class='ocrx_word' id='word_1_36' title='bbox 448 930 652 996; x_wconf 75' lang='lat' dir='ltr'>occaecando</span> <span class='ocrx_word' id='word_1_37' title='bbox 663 931 774 1012; x_wconf 77' lang='lat' dir='ltr'>fruges</span> <span class='ocrx_word' id='word_1_38' title='bbox 784 939 887 996; x_wconf 85' lang='lat' dir='ltr'>satas.</span> 
     </span>
    </p>

    <p class='ocr_par' dir='ltr' id='par_1_4' title="bbox 142 1027 1233 1218">
     <span class='ocr_line' id='line_1_7' title="bbox 188 1027 1233 1120; baseline 0.009 -26"><span class='ocrx_word' id='word_1_39' title='bbox 188 1027 314 1097; x_wconf 83' lang='lat' dir='ltr'>Orcum</span> <span class='ocrx_word' id='word_1_40' title='bbox 337 1049 439 1114; x_wconf 88' lang='lat' dir='ltr'>quem·</span> <span class='ocrx_word' id='word_1_41' title='bbox 457 1031 611 1111; x_wconf 78' lang='lat' dir='ltr'>dicimus,</span> <span class='ocrx_word' id='word_1_42' title='bbox 634 1033 683 1098; x_wconf 83' lang='lat' dir='ltr'>uit</span> <span class='ocrx_word' id='word_1_43' title='bbox 701 1031 842 1098; x_wconf 88' lang='lat' dir='ltr'>Verrius</span> <span class='ocrx_word' id='word_1_44' title='bbox 858 1035 912 1100; x_wconf 90' lang='lat' dir='ltr'>ab.</span> <span class='ocrx_word' id='word_1_45' title='bbox 924 1033 1084 1120; x_wconf 81' lang='lat' dir='ltr'>Antiquis</span> <span class='ocrx_word' id='word_1_46' title='bbox 1104 1035 1233 1103; x_wconf 88' lang='lat' dir='ltr'>dictum</span> 
     </span>
     <span class='ocr_line' id='line_1_8' title="bbox 142 1132 976 1218; baseline 0.006 -24"><span class='ocrx_word' id='word_1_47' title='bbox 142 1149 294 1214; x_wconf 77' lang='lat' dir='ltr'>uragum,</span> <span class='ocrx_word' id='word_1_48' title='bbox 308 1135 369 1196; x_wconf 65' lang='lat' dir='ltr'>&amp;c-</span> <span class='ocrx_word' id='word_1_49' title='bbox 384 1132 443 1197; x_wconf 90' lang='lat' dir='ltr'>sed</span> <span class='ocrx_word' id='word_1_50' title='bbox 458 1133 538 1199; x_wconf 88' lang='lat' dir='ltr'>nibil</span> <span class='ocrx_word' id='word_1_51' title='bbox 553 1133 644 1199; x_wconf 80' lang='lat' dir='ltr'>affert</span> <span class='ocrx_word' id='word_1_52' title='bbox 658 1136 896 1218; x_wconf 87' lang='lat' dir='ltr'>exemplorum,</span> <span class='ocrx_word' id='word_1_53' title='bbox 914 1139 976 1202; x_wconf 73' lang='lat' dir='ltr'>&amp;a</span> 
     </span>
    </p>

    <p class='ocr_par' dir='ltr' id='par_1_5' title="bbox 138 1232 1235 1720">
     <span class='ocr_line' id='line_1_9' title="bbox 189 1232 1232 1320; baseline 0.007 -22"><span class='ocrx_word' id='word_1_54' title='bbox 189 1232 313 1310; x_wconf 85' lang='lat' dir='ltr'>Osco,</span> <span class='ocrx_word' id='word_1_55' title='bbox 325 1252 412 1317; x_wconf 86' lang='lat' dir='ltr'>qnos</span> <span class='ocrx_word' id='word_1_56' title='bbox 434 1232 588 1313; x_wconf 81' lang='lat' dir='ltr'>dicimus,</span> <span class='ocrx_word' id='word_1_57' title='bbox 612 1236 669 1301; x_wconf 89' lang='lat' dir='ltr'>ait.</span> <span class='ocrx_word' id='word_1_58' title='bbox 684 1234 825 1302; x_wconf 79' lang='lat' dir='ltr'>Verrius</span> <span class='ocrx_word' id='word_1_59' title='bbox 846 1235 981 1320; x_wconf 84' lang='lat' dir='ltr'>Opscus</span> <span class='ocrx_word' id='word_1_60' title='bbox 1004 1242 1101 1304; x_wconf 85' lang='lat' dir='ltr'>antea</span> <span class='ocrx_word' id='word_1_61' title='bbox 1124 1238 1232 1304; x_wconf 87' lang='lat' dir='ltr'>dictos</span> 
     </span>
     <span class='ocr_line' id='line_1_10' title="bbox 143 1334 1235 1421; baseline 0.007 -23"><span class='ocrx_word' id='word_1_62' title='bbox 143 1339 230 1398; x_wconf 87' lang='lat' dir='ltr'>toste</span> <span class='ocrx_word' id='word_1_63' title='bbox 245 1334 365 1412; x_wconf 88' lang='lat' dir='ltr'>Ennio,</span> <span class='ocrx_word' id='word_1_64' title='bbox 381 1353 457 1400; x_wconf 88' lang='lat' dir='ltr'>cum</span> <span class='ocrx_word' id='word_1_65' title='bbox 472 1335 584 1401; x_wconf 83' lang='lat' dir='ltr'>dicat:</span> <span class='ocrx_word' id='word_1_66' title='bbox 607 1337 682 1402; x_wconf 81' lang='lat' dir='ltr'>‘De</span> <span class='ocrx_word' id='word_1_67' title='bbox 694 1337 796 1401; x_wconf 85' lang='lat' dir='ltr'>muris</span> <span class='ocrx_word' id='word_1_68' title='bbox 806 1355 859 1401; x_wconf 88' lang='lat' dir='ltr'>res</span> <span class='ocrx_word' id='word_1_69' title='bbox 870 1337 953 1419; x_wconf 80' lang='lat' dir='ltr'>gerit</span> <span class='ocrx_word' id='word_1_70' title='bbox 965 1336 1118 1421; x_wconf 64' lang='lat' dir='ltr'>Opscus?</span> <span class='ocrx_word' id='word_1_71' title='bbox 1161 1339 1235 1406; x_wconf 81' lang='lat' dir='ltr'>Ad·</span> 
     </span>
     <span class='ocr_line' id='line_1_11' title="bbox 138 1435 1233 1522; baseline 0.006 -22"><span class='ocrx_word' id='word_1_72' title='bbox 138 1435 219 1519; x_wconf 88' lang='lat' dir='ltr'>jicit</span> <span class='ocrx_word' id='word_1_73' title='bbox 241 1438 353 1514; x_wconf 87' lang='lat' dir='ltr'>etiam,</span> <span class='ocrx_word' id='word_1_74' title='bbox 375 1437 465 1520; x_wconf 88' lang='lat' dir='ltr'>quod</span> <span class='ocrx_word' id='word_1_75' title='bbox 488 1443 602 1522; x_wconf 89' lang='lat' dir='ltr'>stupra</span> <span class='ocrx_word' id='word_1_76' title='bbox 621 1438 827 1504; x_wconf 72' lang='lat' dir='ltr'>inconcessae</span> <span class='ocrx_word' id='word_1_77' title='bbox 849 1437 998 1503; x_wconf 89' lang='lat' dir='ltr'>libidinis</span> <span class='ocrx_word' id='word_1_78' title='bbox 1018 1439 1166 1506; x_wconf 84' lang='lat' dir='ltr'>obscena</span> <span class='ocrx_word' id='word_1_79' title='bbox 1182 1440 1233 1506; x_wconf 90' lang='lat' dir='ltr'>di·</span> 
     </span>
     <span class='ocr_line' id='line_1_12' title="bbox 143 1537 1232 1621; baseline 0.006 -21"><span class='ocrx_word' id='word_1_80' title='bbox 143 1541 262 1603; x_wconf 87' lang='lat' dir='ltr'>cantur</span> <span class='ocrx_word' id='word_1_81' title='bbox 275 1539 317 1602; x_wconf 90' lang='lat' dir='ltr'>ab</span> <span class='ocrx_word' id='word_1_82' title='bbox 339 1537 414 1621; x_wconf 91' lang='lat' dir='ltr'>ejus</span> <span class='ocrx_word' id='word_1_83' title='bbox 433 1539 541 1620; x_wconf 76' lang='lat' dir='ltr'>gentis</span> <span class='ocrx_word' id='word_1_84' title='bbox 557 1539 797 1605; x_wconf 89' lang='lat' dir='ltr'>consuetudine</span> <span class='ocrx_word' id='word_1_85' title='bbox 811 1539 956 1606; x_wconf 89' lang='lat' dir='ltr'>inducta.</span> <span class='ocrx_word' id='word_1_86' title='bbox 1002 1538 1105 1618; x_wconf 85' lang='lat' dir='ltr'>Quod</span> <span class='ocrx_word' id='word_1_87' title='bbox 1118 1559 1232 1606; x_wconf 82' lang='lat' dir='ltr'>verum</span> 
     </span>
     <span class='ocr_line' id='line_1_13' title="bbox 142 1639 647 1720; baseline 0.012 -20"><span class='ocrx_word' id='word_1_88' title='bbox 142 1655 220 1701; x_wconf 84' lang='lat' dir='ltr'>esse</span> <span class='ocrx_word' id='word_1_89' title='bbox 233 1657 300 1702; x_wconf 89' lang='lat' dir='ltr'>uon</span> <span class='ocrx_word' id='word_1_90' title='bbox 314 1639 400 1704; x_wconf 84' lang='lat' dir='ltr'>satis</span> <span class='ocrx_word' id='word_1_91' title='bbox 414 1640 572 1720; x_wconf 88' lang='lat' dir='ltr'>adducor,</span> <span class='ocrx_word' id='word_1_92' title='bbox 586 1645 647 1706; x_wconf 76' lang='lat' dir='ltr'>&amp;c-</span> 
     </span>
    </p>

    <p class='ocr_par' dir='ltr' id='par_1_6' title="bbox 141 1737 1239 2130">
     <span class='ocr_line' id='line_1_14' title="bbox 185 1737 1230 1825; baseline 0.006 -23"><span class='ocrx_word' id='word_1_93' title='bbox 185 1737 316 1804; x_wconf 91' lang='lat' dir='ltr'>Pedum</span> <span class='ocrx_word' id='word_1_94' title='bbox 339 1747 393 1805; x_wconf 86' lang='lat' dir='ltr'>est</span> <span class='ocrx_word' id='word_1_95' title='bbox 416 1742 549 1825; x_wconf 89' lang='lat' dir='ltr'>quidem</span> <span class='ocrx_word' id='word_1_96' title='bbox 574 1744 730 1809; x_wconf 86' lang='lat' dir='ltr'>baculum</span> <span class='ocrx_word' id='word_1_97' title='bbox 754 1744 939 1821; x_wconf 79' lang='lat' dir='ltr'>incurvum,</span> <span class='ocrx_word' id='word_1_98' title='bbox 957 1747 1018 1808; x_wconf 80' lang='lat' dir='ltr'>&amp;c</span> <span class='ocrx_word' id='word_1_99' title='bbox 1062 1743 1128 1807; x_wconf 93' lang='lat' dir='ltr'>Sed</span> <span class='ocrx_word' id='word_1_100' title='bbox 1144 1744 1230 1808; x_wconf 91' lang='lat' dir='ltr'>ineo</span> 
     </span>
     <span class='ocr_line' id='line_1_15' title="bbox 141 1842 1231 1926; baseline 0.003 -22"><span class='ocrx_word' id='word_1_101' title='bbox 141 1857 253 1917; x_wconf 70' lang='lat' dir='ltr'>amsa,</span> <span class='ocrx_word' id='word_1_102' title='bbox 268 1843 323 1924; x_wconf 90' lang='lat' dir='ltr'>qui</span> <span class='ocrx_word' id='word_1_103' title='bbox 339 1847 391 1906; x_wconf 87' lang='lat' dir='ltr'>cst</span> <span class='ocrx_word' id='word_1_104' title='bbox 404 1842 438 1906; x_wconf 94' lang='lat' dir='ltr'>in</span> <span class='ocrx_word' id='word_1_105' title='bbox 453 1842 626 1926; x_wconf 78' lang='lat' dir='ltr'>Iphigenia</span> <span class='ocrx_word' id='word_1_106' title='bbox 639 1846 749 1921; x_wconf 88' lang='lat' dir='ltr'>Ennii,</span> <span class='ocrx_word' id='word_1_107' title='bbox 764 1843 924 1921; x_wconf 83' lang='lat' dir='ltr'>Procede,</span> <span class='ocrx_word' id='word_1_108' title='bbox 940 1843 1074 1926; x_wconf 72' lang='lat' dir='ltr'>gradum</span> <span class='ocrx_word' id='word_1_109' title='bbox 1086 1843 1231 1926; x_wconf 83' lang='lat' dir='ltr'>proferre</span> 
     </span>
     <span class='ocr_line' id='line_1_16' title="bbox 142 1938 1232 2028; baseline 0.006 -25"><span class='ocrx_word' id='word_1_110' title='bbox 142 1938 279 2022; x_wconf 89' lang='lat' dir='ltr'>pedum,</span> <span class='ocrx_word' id='word_1_111' title='bbox 294 1942 418 2007; x_wconf 85' lang='lat' dir='ltr'>nitere:</span> <span class='ocrx_word' id='word_1_112' title='bbox 442 1946 581 2008; x_wconf 82' lang='lat' dir='ltr'>cessasl</span> <span class='ocrx_word' id='word_1_113' title='bbox 606 1945 640 2009; x_wconf 92' lang='lat' dir='ltr'>id</span> <span class='ocrx_word' id='word_1_114' title='bbox 666 1947 777 2028; x_wconf 89' lang='lat' dir='ltr'>ipsum</span> <span class='ocrx_word' id='word_1_115' title='bbox 795 1943 944 2027; x_wconf 89' lang='lat' dir='ltr'>jaculum</span> <span class='ocrx_word' id='word_1_116' title='bbox 963 1943 1142 2026; x_wconf 77' lang='lat' dir='ltr'>significari</span> <span class='ocrx_word' id='word_1_117' title='bbox 1156 1963 1232 2010; x_wconf 87' lang='lat' dir='ltr'>cum</span> 
     </span>
     <span class='ocr_line' id='line_1_17' title="bbox 141 2039 1239 2130; baseline 0.008 -26"><span class='ocrx_word' id='word_1_118' title='bbox 141 2039 353 2120; x_wconf 78' lang='lat' dir='ltr'>aitVerrius,</span> <span class='ocrx_word' id='word_1_119' title='bbox 368 2044 480 2108; x_wconf 87' lang='lat' dir='ltr'>mirari</span> <span class='ocrx_word' id='word_1_120' title='bbox 493 2045 656 2110; x_wconf 88' lang='lat' dir='ltr'>satisnon</span> <span class='ocrx_word' id='word_1_121' title='bbox 669 2049 894 2130; x_wconf 82' lang='lat' dir='ltr'>possum‚&amp;c.</span> <span class='ocrx_word' id='word_1_122' title='bbox 1236 2097 1239 2106; x_wconf 59' lang='grc'>,</span> 
     </span>
    </p>

    <p class='ocr_par' dir='ltr' id='par_1_7' title="bbox 141 2140 1232 2729">
     <span class='ocr_line' id='line_1_18' title="bbox 185 2140 1232 2228; baseline 0.004 -23"><span class='ocrx_word' id='word_1_123' title='bbox 185 2140 421 2208; x_wconf 87' lang='lat' dir='ltr'>Porcunctutio</span> <span class='ocrx_word' id='word_1_124' title='bbox 438 2163 501 2226; x_wconf 90' lang='lat' dir='ltr'>pro</span> <span class='ocrx_word' id='word_1_125' title='bbox 515 2146 768 2228; x_wconf 74' lang='lat' dir='ltr'>interrogatione</span> <span class='ocrx_word' id='word_1_126' title='bbox 788 2145 880 2210; x_wconf 88' lang='lat' dir='ltr'>dicta</span> <span class='ocrx_word' id='word_1_127' title='bbox 892 2145 1024 2210; x_wconf 85' lang='lat' dir='ltr'>videtur</span> <span class='ocrx_word' id='word_1_128' title='bbox 1037 2165 1081 2210; x_wconf 85' lang='lat' dir='ltr'>ex</span> <span class='ocrx_word' id='word_1_129' title='bbox 1094 2144 1232 2211; x_wconf 89' lang='lat' dir='ltr'>nautico</span> 
     </span>
     <span class='ocr_line' id='line_1_19' title="bbox 142 2244 1232 2328; baseline 0 -20"><span class='ocrx_word' id='word_1_130' title='bbox 142 2263 215 2320; x_wconf 88' lang='lat' dir='ltr'>usu,</span> <span class='ocrx_word' id='word_1_131' title='bbox 228 2247 289 2309; x_wconf 76' lang='lat' dir='ltr'>&amp;c-</span> <span class='ocrx_word' id='word_1_132' title='bbox 318 2244 363 2311; x_wconf 87' lang='lat' dir='ltr'>ob</span> <span class='ocrx_word' id='word_1_133' title='bbox 393 2263 494 2328; x_wconf 88' lang='lat' dir='ltr'>quem</span> <span class='ocrx_word' id='word_1_134' title='bbox 514 2265 650 2310; x_wconf 86' lang='lat' dir='ltr'>causam</span> <span class='ocrx_word' id='word_1_135' title='bbox 678 2246 727 2311; x_wconf 89' lang='lat' dir='ltr'>ait</span> <span class='ocrx_word' id='word_1_136' title='bbox 753 2245 891 2310; x_wconf 80' lang='lat' dir='ltr'>Verrius</span> <span class='ocrx_word' id='word_1_137' title='bbox 919 2247 1019 2310; x_wconf 88' lang='lat' dir='ltr'>etiam</span> <span class='ocrx_word' id='word_1_138' title='bbox 1048 2245 1232 2310; x_wconf 87' lang='lat' dir='ltr'>secundam</span> 
     </span>
     <span class='ocr_line' id='line_1_20' title="bbox 141 2345 1230 2428; baseline 0 -18"><span class='ocrx_word' id='word_1_139' title='bbox 141 2345 305 2428; x_wconf 77' lang='lat' dir='ltr'>syllabam</span> <span class='ocrx_word' id='word_1_140' title='bbox 334 2364 394 2428; x_wconf 89' lang='lat' dir='ltr'>per</span> <span class='ocrx_word' id='word_1_141' title='bbox 421 2345 453 2410; x_wconf 93' lang='lat'>0</span> <span class='ocrx_word' id='word_1_142' title='bbox 481 2346 588 2413; x_wconf 89' lang='lat' dir='ltr'>solere</span> <span class='ocrx_word' id='word_1_143' title='bbox 608 2347 723 2413; x_wconf 88' lang='lat' dir='ltr'>scribi.</span> <span class='ocrx_word' id='word_1_144' title='bbox 768 2347 854 2412; x_wconf 85' lang='lat' dir='ltr'>Mihi</span> <span class='ocrx_word' id='word_1_145' title='bbox 879 2347 914 2412; x_wconf 93' lang='lat' dir='ltr'>id</span> <span class='ocrx_word' id='word_1_146' title='bbox 934 2346 1058 2411; x_wconf 79' lang='lat' dir='ltr'>laisum</span> <span class='ocrx_word' id='word_1_147' title='bbox 1086 2345 1230 2422; x_wconf 81' lang='lat' dir='ltr'>videtur,</span> 
     </span>
     <span class='ocr_line' id='line_1_21' title="bbox 184 2547 1231 2636; baseline -0.001 -24"><span class='ocrx_word' id='word_1_148' title='bbox 184 2549 279 2613; x_wconf 89' lang='lat' dir='ltr'>Piari</span> <span class='ocrx_word' id='word_1_149' title='bbox 301 2567 375 2627; x_wconf 89' lang='lat' dir='ltr'>eos,</span> <span class='ocrx_word' id='word_1_150' title='bbox 397 2549 497 2616; x_wconf 81' lang='lat' dir='ltr'>veluti</span> <span class='ocrx_word' id='word_1_151' title='bbox 520 2552 653 2636; x_wconf 87' lang='lat' dir='ltr'>proprio</span> <span class='ocrx_word' id='word_1_152' title='bbox 676 2551 777 2616; x_wconf 88' lang='lat' dir='ltr'>verbo</span> <span class='ocrx_word' id='word_1_153' title='bbox 798 2550 849 2614; x_wconf 90' lang='lat' dir='ltr'>ait</span> <span class='ocrx_word' id='word_1_154' title='bbox 861 2548 1013 2627; x_wconf 88' lang='lat' dir='ltr'>Verrius,</span> <span class='ocrx_word' id='word_1_155' title='bbox 1036 2547 1095 2633; x_wconf 87' lang='lat' dir='ltr'>qui</span> <span class='ocrx_word' id='word_1_156' title='bbox 1116 2565 1231 2631; x_wconf 87' lang='lat' dir='ltr'>parum</span> 
     </span>
     <span class='ocr_line' id='line_1_22' title="bbox 141 2651 441 2729; baseline 0 -16"><span class='ocrx_word' id='word_1_157' title='bbox 141 2651 209 2714; x_wconf 85' lang='lat' dir='ltr'>siut</span> <span class='ocrx_word' id='word_1_158' title='bbox 219 2651 367 2729; x_wconf 86' lang='lat' dir='ltr'>animati,</span> <span class='ocrx_word' id='word_1_159' title='bbox 381 2654 441 2715; x_wconf 83' lang='lat' dir='ltr'>&amp;c</span> 
     </span>
    </p>

    <p class='ocr_par' dir='ltr' id='par_1_8' title="bbox 141 2749 1231 3039">
     <span class='ocr_line' id='line_1_23' title="bbox 184 2749 1231 2832; baseline -0.003 -17"><span class='ocrx_word' id='word_1_160' title='bbox 184 2751 302 2817; x_wconf 88' lang='lat' dir='ltr'>Pictor</span> <span class='ocrx_word' id='word_1_161' title='bbox 312 2751 434 2816; x_wconf 82' lang='lat' dir='ltr'>Zeusis</span> <span class='ocrx_word' id='word_1_162' title='bbox 449 2751 517 2815; x_wconf 83' lang='lat' dir='ltr'>risu</span> <span class='ocrx_word' id='word_1_163' title='bbox 531 2759 694 2830; x_wconf 87' lang='lat' dir='ltr'>mortuus,</span> <span class='ocrx_word' id='word_1_164' title='bbox 708 2751 786 2815; x_wconf 90' lang='lat' dir='ltr'>dnm</span> <span class='ocrx_word' id='word_1_165' title='bbox 801 2751 886 2816; x_wconf 88' lang='lat' dir='ltr'>ridet</span> <span class='ocrx_word' id='word_1_166' title='bbox 899 2749 1002 2814; x_wconf 78' lang='lat' dir='ltr'>effuse</span> <span class='ocrx_word' id='word_1_167' title='bbox 1016 2749 1143 2832; x_wconf 88' lang='lat' dir='ltr'>pictum</span> <span class='ocrx_word' id='word_1_168' title='bbox 1157 2765 1179 2812; x_wconf 86' lang='lat' dir='ltr'>u</span> <span class='ocrx_word' id='word_1_169' title='bbox 1193 2767 1231 2813; x_wconf 89' lang='lat' dir='ltr'>se</span> 
     </span>
     <span class='ocr_line' id='line_1_24' title="bbox 141 2848 1231 2938; baseline -0.005 -21"><span class='ocrx_word' id='word_1_170' title='bbox 141 2869 249 2917; x_wconf 84' lang='lat' dir='ltr'>anurn-</span> <span class='ocrx_word' id='word_1_171' title='bbox 263 2856 364 2938; x_wconf 74' lang='grc' dir='ltr'><strong>γραῦν.</strong></span> <span class='ocrx_word' id='word_1_172' title='bbox 407 2850 477 2916; x_wconf 85' lang='lat' dir='ltr'>Cur</span> <span class='ocrx_word' id='word_1_173' title='bbox 500 2852 565 2918; x_wconf 91' lang='lat' dir='ltr'>boc</span> <span class='ocrx_word' id='word_1_174' title='bbox 586 2853 661 2918; x_wconf 89' lang='lat' dir='ltr'>loco</span> <span class='ocrx_word' id='word_1_175' title='bbox 684 2853 820 2918; x_wconf 88' lang='lat' dir='ltr'>relatum</span> <span class='ocrx_word' id='word_1_176' title='bbox 843 2854 888 2917; x_wconf 88' lang='lat' dir='ltr'>sit</span> <span class='ocrx_word' id='word_1_177' title='bbox 912 2870 933 2916; x_wconf 84' lang='lat' dir='ltr'>a</span> <span class='ocrx_word' id='word_1_178' title='bbox 950 2848 1081 2926; x_wconf 88' lang='lat' dir='ltr'>Verrio,</span> <span class='ocrx_word' id='word_1_179' title='bbox 1097 2867 1174 2914; x_wconf 89' lang='lat' dir='ltr'>cum</span> <span class='ocrx_word' id='word_1_180' title='bbox 1188 2849 1231 2912; x_wconf 96' lang='lat' dir='ltr'>de</span> 
     </span>
     <span class='ocr_line' id='line_1_25' title="bbox 142 2948 1231 3039; baseline -0.006 -22"><span class='ocrx_word' id='word_1_181' title='bbox 142 2953 331 3035; x_wconf 72' lang='lat' dir='ltr'>significatu</span> <span class='ocrx_word' id='word_1_182' title='bbox 355 2955 531 3018; x_wconf 83' lang='lat' dir='ltr'>verborum</span> <span class='ocrx_word' id='word_1_183' title='bbox 552 2955 694 3020; x_wconf 87' lang='lat' dir='ltr'>scribere</span> <span class='ocrx_word' id='word_1_184' title='bbox 715 2954 925 3039; x_wconf 90' lang='lat' dir='ltr'>propositum</span> <span class='ocrx_word' id='word_1_185' title='bbox 950 2951 1115 3025; x_wconf 87' lang='lat' dir='ltr'>babuerit,</span> <span class='ocrx_word' id='word_1_186' title='bbox 1139 2948 1231 3029; x_wconf 90' lang='lat' dir='ltr'>equi-</span> 
     </span>
    </p>
   </div>
   <div class='ocr_carea' id='block_1_3' title="bbox 12 3052 492 3133">
    <p class='ocr_par' dir='ltr' id='par_1_9' title="bbox 12 3052 492 3133">
     <span class='ocr_line' id='line_1_26' title="bbox 12 3052 492 3133; baseline 0.006 -17"><span class='ocrx_word' id='word_1_187' title='bbox 12 3125 13 3132; x_wconf 15' lang='lat'><em>*</em></span> <span class='ocrx_word' id='word_1_188' title='bbox 141 3053 215 3117; x_wconf 83' lang='lat' dir='ltr'>dem</span> <span class='ocrx_word' id='word_1_189' title='bbox 230 3073 297 3118; x_wconf 87' lang='lat' dir='ltr'>noo</span> <span class='ocrx_word' id='word_1_190' title='bbox 312 3052 492 3133; x_wconf 80' lang='lat' dir='ltr'>video,&amp;c.</span> 
     </span>
    </p>
   </div>
   <div class='ocr_carea' id='block_1_4' title="bbox 141 3149 1232 3438">
    <p class='ocr_par' dir='ltr' id='par_1_10' title="bbox 141 3149 1232 3438">
     <span class='ocr_line' id='line_1_27' title="bbox 183 3149 1232 3233; baseline -0.004 -17"><span class='ocrx_word' id='word_1_191' title='bbox 183 3151 320 3220; x_wconf 74' lang='lat' dir='ltr'>Praedia</span> <span class='ocrx_word' id='word_1_192' title='bbox 334 3173 447 3219; x_wconf 85' lang='lat' dir='ltr'>rursus</span> <span class='ocrx_word' id='word_1_193' title='bbox 460 3154 600 3218; x_wconf 86' lang='lat' dir='ltr'>Verrius</span> <span class='ocrx_word' id='word_1_194' title='bbox 614 3156 726 3223; x_wconf 84' lang='lat' dir='ltr'>vocari</span> <span class='ocrx_word' id='word_1_195' title='bbox 748 3155 796 3216; x_wconf 88' lang='lat' dir='ltr'>ait</span> <span class='ocrx_word' id='word_1_196' title='bbox 816 3173 857 3217; x_wconf 88' lang='lat' dir='ltr'>ea</span> <span class='ocrx_word' id='word_1_197' title='bbox 877 3150 1036 3227; x_wconf 85' lang='lat' dir='ltr'>remedia,</span> <span class='ocrx_word' id='word_1_198' title='bbox 1057 3168 1133 3233; x_wconf 76' lang='lat' dir='ltr'>qam</span> <span class='ocrx_word' id='word_1_199' title='bbox 1150 3149 1232 3220; x_wconf 85' lang='lat' dir='ltr'>data</span> 
     </span>
     <span class='ocr_line' id='line_1_28' title="bbox 141 3252 1058 3339; baseline -0.007 -19"><span class='ocrx_word' id='word_1_200' title='bbox 141 3253 295 3334; x_wconf 81' lang='lat' dir='ltr'>Caecilia,</span> <span class='ocrx_word' id='word_1_201' title='bbox 309 3257 370 3320; x_wconf 73' lang='lat' dir='ltr'>bc.</span> <span class='ocrx_word' id='word_1_202' title='bbox 385 3273 428 3320; x_wconf 87' lang='lat' dir='ltr'>ea</span> <span class='ocrx_word' id='word_1_203' title='bbox 441 3256 557 3320; x_wconf 88' lang='lat' dir='ltr'>vocari</span> <span class='ocrx_word' id='word_1_204' title='bbox 572 3256 631 3334; x_wconf 88' lang='lat' dir='ltr'>ait,</span> <span class='ocrx_word' id='word_1_205' title='bbox 647 3255 736 3339; x_wconf 90' lang='lat' dir='ltr'>quod</span> <span class='ocrx_word' id='word_1_206' title='bbox 751 3255 840 3319; x_wconf 89' lang='lat' dir='ltr'>mala</span> <span class='ocrx_word' id='word_1_207' title='bbox 854 3252 1058 3336; x_wconf 82' lang='lat' dir='ltr'>prohibeant.</span> 
     </span>
     <span class='ocr_line' id='line_1_29' title="bbox 183 3350 1231 3438; baseline -0.009 -18"><span class='ocrx_word' id='word_1_208' title='bbox 183 3356 424 3438; x_wconf 80' lang='lat' dir='ltr'>Praerogativec</span> <span class='ocrx_word' id='word_1_209' title='bbox 438 3357 595 3422; x_wconf 80' lang='lat' dir='ltr'>contnriae</span> <span class='ocrx_word' id='word_1_210' title='bbox 610 3355 771 3434; x_wconf 89' lang='lat' dir='ltr'>dicuntur,</span> <span class='ocrx_word' id='word_1_211' title='bbox 781 3358 841 3421; x_wconf 74' lang='lat' dir='ltr'>bc.</span> <span class='ocrx_word' id='word_1_212' title='bbox 877 3353 1015 3419; x_wconf 87' lang='lat' dir='ltr'>Verrius</span> <span class='ocrx_word' id='word_1_213' title='bbox 1025 3350 1231 3438; x_wconf 73' lang='lat' dir='ltr'>probabilius</span> 
     </span>
    </p>
   </div>
   <div class='ocr_carea' id='block_1_5' title="bbox 12 3452 1231 3540">
    <p class='ocr_par' dir='ltr' id='par_1_11' title="bbox 12 3452 1231 3540">
     <span class='ocr_line' id='line_1_30' title="bbox 12 3452 1231 3540; baseline -0.007 -14"><span class='ocrx_word' id='word_1_214' title='bbox 12 3521 13 3526; x_wconf 75' lang='grc'>,</span> <span class='ocrx_word' id='word_1_215' title='bbox 135 3457 271 3540; x_wconf 80' lang='lat' dir='ltr'>judicat</span> <span class='ocrx_word' id='word_1_216' title='bbox 284 3469 414 3534; x_wconf 70' lang='lat' dir='ltr'>esseut</span> <span class='ocrx_word' id='word_1_217' title='bbox 428 3475 503 3522; x_wconf 87' lang='lat' dir='ltr'>cum</span> <span class='ocrx_word' id='word_1_218' title='bbox 517 3463 632 3523; x_wconf 87' lang='lat' dir='ltr'>essent</span> <span class='ocrx_word' id='word_1_219' title='bbox 645 3456 811 3540; x_wconf 83' lang='lat' dir='ltr'>designati</span> <span class='ocrx_word' id='word_1_220' title='bbox 825 3475 847 3520; x_wconf 88' lang='lat' dir='ltr'>a</span> <span class='ocrx_word' id='word_1_221' title='bbox 860 3452 1098 3538; x_wconf 79' lang='lat' dir='ltr'>praerogativis,</span> <span class='ocrx_word' id='word_1_222' title='bbox 1113 3453 1148 3515; x_wconf 92' lang='lat' dir='ltr'>iu</span> <span class='ocrx_word' id='word_1_223' title='bbox 1163 3469 1231 3518; x_wconf 85' lang='lat' dir='ltr'>ser·</span> 
     </span>
    </p>
   </div>
   <div class='ocr_carea' id='block_1_6' title="bbox 140 3557 1231 3742">
    <p class='ocr_par' dir='ltr' id='par_1_12' title="bbox 140 3557 1231 3742">
     <span class='ocr_line' id='line_1_31' title="bbox 140 3557 564 3630; baseline 0 -7"><span class='ocrx_word' id='word_1_224' title='bbox 140 3577 270 3623; x_wconf 86' lang='lat' dir='ltr'>monem</span> <span class='ocrx_word' id='word_1_225' title='bbox 285 3577 338 3622; x_wconf 86' lang='lat' dir='ltr'>res</span> <span class='ocrx_word' id='word_1_226' title='bbox 353 3557 490 3630; x_wconf 87' lang='lat' dir='ltr'>veniret,</span> <span class='ocrx_word' id='word_1_227' title='bbox 503 3561 564 3623; x_wconf 76' lang='lat' dir='ltr'>&amp;a</span> 
     </span>
     <span class='ocr_line' id='line_1_32' title="bbox 182 3653 1231 3742; baseline -0.007 -21"><span class='ocrx_word' id='word_1_228' title='bbox 182 3655 380 3735; x_wconf 83' lang='lat' dir='ltr'>Prolanum,</span> <span class='ocrx_word' id='word_1_229' title='bbox 403 3658 494 3742; x_wconf 89' lang='lat' dir='ltr'>qnod</span> <span class='ocrx_word' id='word_1_230' title='bbox 510 3677 578 3722; x_wconf 89' lang='lat' dir='ltr'>non</span> <span class='ocrx_word' id='word_1_231' title='bbox 600 3656 787 3734; x_wconf 79' lang='lat' dir='ltr'>astianum,</span> <span class='ocrx_word' id='word_1_232' title='bbox 808 3659 869 3720; x_wconf 80' lang='lat' dir='ltr'>&amp;a</span> <span class='ocrx_word' id='word_1_233' title='bbox 884 3661 922 3720; x_wconf 92' lang='lat' dir='ltr'>nt</span> <span class='ocrx_word' id='word_1_234' title='bbox 933 3653 1086 3731; x_wconf 85' lang='lat' dir='ltr'>Verrius,</span> <span class='ocrx_word' id='word_1_235' title='bbox 1099 3658 1158 3720; x_wconf 79' lang='lat' dir='ltr'>&amp;c-</span> <span class='ocrx_word' id='word_1_236' title='bbox 1175 3671 1231 3716; x_wconf 90' lang='lat' dir='ltr'>cu·</span> 
     </span>
    </p>
   </div>
   <div class='ocr_carea' id='block_1_7' title="bbox 12 3739 1232 4347">
    <p class='ocr_par' dir='ltr' id='par_1_13' title="bbox 12 3739 1232 4347">
     <span class='ocr_line' id='line_1_33' title="bbox 12 3739 1231 3844; baseline -0.007 -21"><span class='ocrx_word' id='word_1_237' title='bbox 12 3739 13 3750; x_wconf 8' lang='grc' dir='ltr'><strong>κ</strong></span> <span class='ocrx_word' id='word_1_238' title='bbox 134 3760 195 3842; x_wconf 87' lang='lat' dir='ltr'>jus</span> <span class='ocrx_word' id='word_1_239' title='bbox 221 3760 414 3842; x_wconf 89' lang='lat' dir='ltr'>opinionem</span> <span class='ocrx_word' id='word_1_240' title='bbox 437 3778 547 3844; x_wconf 90' lang='lat' dir='ltr'>neque</span> <span class='ocrx_word' id='word_1_241' title='bbox 569 3760 604 3823; x_wconf 92' lang='lat' dir='ltr'>in</span> <span class='ocrx_word' id='word_1_242' title='bbox 625 3759 702 3836; x_wconf 87' lang='lat' dir='ltr'>boe,</span> <span class='ocrx_word' id='word_1_243' title='bbox 727 3777 834 3842; x_wconf 86' lang='lat' dir='ltr'>neque</span> <span class='ocrx_word' id='word_1_244' title='bbox 854 3759 888 3821; x_wconf 90' lang='lat' dir='ltr'>in</span> <span class='ocrx_word' id='word_1_245' title='bbox 909 3755 988 3821; x_wconf 87' lang='lat' dir='ltr'>aliis</span> <span class='ocrx_word' id='word_1_246' title='bbox 1005 3752 1231 3836; x_wconf 87' lang='lat' dir='ltr'>compluribus</span> 
     </span>
     <span class='ocr_line' id='line_1_34' title="bbox 12 3854 1230 3954; baseline -0.009 -25"><span class='ocrx_word' id='word_1_247' title='bbox 12 3935 14 3954; x_wconf 23' lang='grc' dir='ltr'>ι</span> <span class='ocrx_word' id='word_1_248' title='bbox 139 3861 286 3951; x_wconf 73' lang='lat' dir='ltr'>refutare</span> <span class='ocrx_word' id='word_1_249' title='bbox 301 3860 435 3925; x_wconf 87' lang='lat' dir='ltr'>minime</span> <span class='ocrx_word' id='word_1_250' title='bbox 456 3877 594 3926; x_wconf 79' lang='lat' dir='ltr'>necessa</span> <span class='ocrx_word' id='word_1_251' title='bbox 616 3868 688 3925; x_wconf 87' lang='lat' dir='ltr'>cst:</span> <span class='ocrx_word' id='word_1_252' title='bbox 711 3879 787 3925; x_wconf 90' lang='lat' dir='ltr'>cum</span> <span class='ocrx_word' id='word_1_253' title='bbox 807 3854 1230 3942; x_wconf 86' lang='lat' dir='ltr'>propositumbabeamex</span> 
     </span>
     <span class='ocr_line' id='line_1_35' title="bbox 12 3955 1232 4047; baseline -0.005 -20"><span class='ocrx_word' id='word_1_254' title='bbox 12 3965 14 4046; x_wconf 72' lang='grc' dir='ltr'><em>ξ</em></span> <span class='ocrx_word' id='word_1_255' title='bbox 140 3969 235 4029; x_wconf 85' lang='lat' dir='ltr'>tanto</span> <span class='ocrx_word' id='word_1_256' title='bbox 259 3962 420 4027; x_wconf 89' lang='lat' dir='ltr'>librorum</span> <span class='ocrx_word' id='word_1_257' title='bbox 446 3961 519 4047; x_wconf 84' lang='lat' dir='ltr'>ejus</span> <span class='ocrx_word' id='word_1_258' title='bbox 546 3980 681 4027; x_wconf 89' lang='lat' dir='ltr'>numero</span> <span class='ocrx_word' id='word_1_259' title='bbox 704 3961 920 4026; x_wconf 78' lang='lat' dir='ltr'>intermortua</span> <span class='ocrx_word' id='word_1_260' title='bbox 944 3958 1015 4042; x_wconf 87' lang='lat' dir='ltr'>jam</span> <span class='ocrx_word' id='word_1_261' title='bbox 1039 3961 1075 4019; x_wconf 92' lang='lat' dir='ltr'>et</span> <span class='ocrx_word' id='word_1_262' title='bbox 1099 3955 1232 4038; x_wconf 85' lang='lat' dir='ltr'>sepulte</span> 
     </span>
     <span class='ocr_line' id='line_1_36' title="bbox 140 4059 1232 4146; baseline -0.007 -18"><span class='ocrx_word' id='word_1_263' title='bbox 140 4063 255 4141; x_wconf 75' lang='lat' dir='ltr'>umba,</span> <span class='ocrx_word' id='word_1_264' title='bbox 277 4071 380 4146; x_wconf 87' lang='lat' dir='ltr'>atque</span> <span class='ocrx_word' id='word_1_265' title='bbox 392 4063 473 4145; x_wconf 91' lang='lat' dir='ltr'>ipso.</span> <span class='ocrx_word' id='word_1_266' title='bbox 484 4081 576 4146; x_wconf 75' lang='lat' dir='ltr'>saepe</span> <span class='ocrx_word' id='word_1_267' title='bbox 591 4061 794 4128; x_wconf 87' lang='lat' dir='ltr'>confitenten</span> <span class='ocrx_word' id='word_1_268' title='bbox 812 4059 915 4124; x_wconf 89' lang='lat' dir='ltr'>ullius</span> <span class='ocrx_word' id='word_1_269' title='bbox 935 4062 1135 4139; x_wconf 82' lang='lat' dir='ltr'>censetque</span> <span class='ocrx_word' id='word_1_270' title='bbox 1151 4075 1232 4122; x_wconf 87' lang='lat' dir='ltr'>euc-</span> 
     </span>
     <span class='ocr_line' id='line_1_37' title="bbox 13 4157 1232 4247; baseline -0.007 -18"><span class='ocrx_word' id='word_1_271' title='bbox 13 4223 14 4238; x_wconf 37' lang='lat'>2</span> <span class='ocrx_word' id='word_1_272' title='bbox 141 4163 295 4240; x_wconf 64' lang='lat' dir='ltr'>tentatis,</span> <span class='ocrx_word' id='word_1_273' title='bbox 307 4164 500 4246; x_wconf 87' lang='lat' dir='ltr'>praeterire:</span> <span class='ocrx_word' id='word_1_274' title='bbox 523 4169 559 4228; x_wconf 90' lang='lat' dir='ltr'>et</span> <span class='ocrx_word' id='word_1_275' title='bbox 570 4163 701 4247; x_wconf 86' lang='lat' dir='ltr'>reliqna</span> <span class='ocrx_word' id='word_1_276' title='bbox 711 4179 812 4247; x_wconf 78' lang='lat' dir='ltr'>quum</span> <span class='ocrx_word' id='word_1_277' title='bbox 824 4158 1020 4224; x_wconf 85' lang='lat' dir='ltr'>brevissime</span> <span class='ocrx_word' id='word_1_278' title='bbox 1034 4157 1184 4240; x_wconf 75' lang='lat' dir='ltr'>redigere</span> <span class='ocrx_word' id='word_1_279' title='bbox 1197 4160 1232 4221; x_wconf 91' lang='lat' dir='ltr'>in</span> 
     </span>
     <span class='ocr_line' id='line_1_38' title="bbox 13 4255 1231 4347; baseline -0.007 -17"><span class='ocrx_word' id='word_1_280' title='bbox 13 4255 14 4258; x_wconf 50' lang='lat'>&#39;</span> <span class='ocrx_word' id='word_1_281' title='bbox 141 4263 247 4329; x_wconf 86' lang='lat' dir='ltr'>libros</span> <span class='ocrx_word' id='word_1_282' title='bbox 262 4261 440 4329; x_wconf 87' lang='lat' dir='ltr'>admodum</span> <span class='ocrx_word' id='word_1_283' title='bbox 456 4283 595 4347; x_wconf 88' lang='lat' dir='ltr'>paucos.</span> <span class='ocrx_word' id='word_1_284' title='bbox 641 4264 693 4329; x_wconf 83' lang='lat' dir='ltr'>Eu</span> <span class='ocrx_word' id='word_1_285' title='bbox 707 4271 826 4341; x_wconf 87' lang='lat' dir='ltr'>antem,</span> <span class='ocrx_word' id='word_1_286' title='bbox 839 4261 881 4327; x_wconf 90' lang='lat' dir='ltr'>de</span> <span class='ocrx_word' id='word_1_287' title='bbox 893 4261 1014 4346; x_wconf 85' lang='lat' dir='ltr'>quibus</span> <span class='ocrx_word' id='word_1_288' title='bbox 1023 4258 1186 4327; x_wconf 89' lang='lat' dir='ltr'>dissentio</span> <span class='ocrx_word' id='word_1_289' title='bbox 1198 4264 1231 4322; x_wconf 86' lang='lat' dir='ltr'>et</span> 
     </span>
    </p>
   </div>
   <div class='ocr_carea' id='block_1_8' title="bbox 0 0 1494 4888">
    <p class='ocr_par' dir='ltr' id='par_1_14' title="bbox 0 0 1494 4888">
     <span class='ocr_line' id='line_1_39' title="bbox 0 0 1494 4888; baseline 0 0"><span class='ocrx_word' id='word_1_290' title='bbox 0 0 1494 4888; x_wconf 95' lang='lat' dir='ltr'> </span> 
     </span>
    </p>
   </div>
  </div>
 </body>
</html>
