2980 4888
606 335 812 386 cabrario.
1228 327 1251 392 7

209 474 303 542 Libri
318 476 356 541 de
369 474 530 543 verborum
543 475 765 563 significatione
779 479 897 562 integri
911 480 1054 549 extitere
1075 498 1183 567 usquo
1203 481 1248 548 ad

167 585 322 660 tempora
344 577 456 643 Garoli
470 577 604 662 Magni,
630 580 706 664 quis
725 579 854 646 Paulus
865 580 1041 648 Diaconus
1055 582 1249 666 Lougobar·

168 677 243 754 dus,
261 677 361 743 homo
376 677 678 743 confidentissimus
699 686 733 744 et
749 680 986 764 ineptissimus,
1001 703 1060 750 sos
1074 684 1248 764 mutilavit,

166 780 327 862 corrupit.
370 776 476 844 Victo
490 781 577 845 enim
596 798 636 844 ac
650 782 827 865 profligato
839 782 1028 862 Desiderio,
1043 786 1100 869 qni
1114 785 1249 852 ultimus

166 877 457 962 longobardorum
481 899 544 944 rex
565 878 639 958 fuit,
659 888 775 965 captus
787 902 809 946 a
823 882 946 950 Garolo
962 883 1088 968 Magno
1103 885 1251 970 impora-

166 988 248 1058 tcre,
273 1001 425 1064 magnam
444 987 478 1046 ot
491 1001 512 1046 a
527 981 655 1046 victore
668 987 700 1046 et
714 1002 735 1048 a
748 983 941 1067 posteritate
957 1005 995 1050 se
1009 987 1163 1052 initurum
1176 1005 1250 1069 gra·

165 1083 253 1146 tiam
270 1083 419 1165 putavit.
434 1083 465 1148 si
486 1081 597 1148 Sexto
623 1081 784 1166 Pompeio
809 1083 911 1150 Festo
935 1085 1060 1172 faceret
1073 1087 1162 1170 quod
1175 1088 1249 1170 ipsc

165 1181 285 1248 Verrio
299 1183 445 1250 fecisset.
487 1183 556 1248 Sed
570 1183 671 1248 homo
687 1185 849 1250 barbarus
862 1185 949 1252 bunc
960 1186 1165 1270 scriptorem,
1179 1205 1248 1270 quo

165 1283 332 1354 utiliorem
352 1285 468 1367 lingua
482 1285 605 1350 Latina
618 1303 685 1350 nou
698 1285 806 1362 babet,
820 1285 870 1351 ita
884 1288 1024 1371 accepit,
1039 1286 1128 1352 foede
1142 1288 1249 1354 lania·

163 1386 225 1464 rit,
239 1391 275 1451 et
288 1385 473 1452 inhonestis
491 1386 682 1452 vulneribus
701 1389 860 1468 coniecit,
883 1395 921 1454 ut
941 1389 1084 1455 cadaver
1103 1407 1165 1474 pro
1189 1390 1250 1456 ho·

163 1487 266 1574 mino,
277 1493 429 1552 huncum
443 1507 506 1571 pro
518 1505 669 1572 corpore,
683 1491 907 1554 semianimem
920 1509 982 1574 pro
996 1491 1074 1558 vivo
1086 1491 1184 1556 nobis
1198 1509 1249 1556 re-

162 1587 311 1672 liquerit.
353 1588 479 1670 Magno
505 1595 613 1655 tamen
638 1588 796 1657 lavoreet
810 1590 1099 1676 plausnexceptus
1113 1593 1249 1658 estber·

162 1690 236 1756 bari
250 1689 451 1755 mutilatoris
465 1691 560 1769 liber,
575 1695 610 1756 et
619 1692 698 1755 loco
708 1690 806 1756 Festi
819 1691 853 1755 in
869 1691 1021 1756 omnibus
1036 1691 1248 1787 bibliothecis

163 1791 378 1880 substitutus.
406 1791 505 1857 Unde
519 1793 614 1858 brevi
627 1793 815 1860 factumest
828 1802 864 1856 nt
877 1809 977 1857 verus
989 1790 1082 1856 Festi
1089 1792 1171 1858 libor
1180 1811 1249 1858 nou

162 1892 319 1974 amplius,
334 1893 535 1976 apparuerit.
589 1891 686 1957 Unus
708 1896 833 1984 tantm
848 1891 957 1984 adbuc
978 1893 1116 1961 extabat
1143 1893 1248 1962 clodis

164 1998 348 2078 superstes,
363 1993 425 2058 sed
439 1993 550 2076 qualis
564 1993 719 2060 incendio
733 1998 878 2077 ereptus,
890 1993 1076 2064 consumtis
1089 1995 1249 2074 vestibus,

162 2094 322 2160 ustulatis
337 2094 502 2174 membris,
515 2093 700 2160 deformata
710 2094 810 2172 facie,
825 2096 877 2161 vol
891 2095 1025 2179 qualem
1039 2094 1096 2160 ille

515 2195 676 2261 laniatum
691 2215 828 2278 corpore
839 2201 912 2262 toto

334 2295 552 2381 Deiphobum
567 2297 661 2373 vidit,
673 2299 734 2363 dcc.

161 2397 244 2484 Ejus
259 2398 337 2464 libri
351 2399 483 2464 advecti
498 2417 542 2464 ex
551 2399 686 2484 Illyrico
698 2399 815 2466 babuit
829 2400 959 2483 aliquas
975 2397 1127 2482 pagellas
1148 2396 1248 2462 Pom·

162 2501 286 2584 penius
300 2500 429 2579 notus,
450 2510 489 2564 ut
503 2501 601 2576 Pius,
610 2507 646 2566 ut
661 2499 851 2566 Politiauus
865 2500 1093 2584 scripserunt·
1136 2496 1250 2580 Maio*

161 2619 228 2666 rem
243 2603 319 2668 libri
334 2607 460 2685 partem
475 2601 638 2668 Manilius
654 2601 786 2668 Rullus.
813 2600 868 2666 Ab
879 2601 933 2666 his
948 2599 1096 2683 Angelus
1108 2597 1248 2690 l’olitio·

160 2721 225 2768 uus
254 2702 373 2768 librum
404 2705 546 2788 accepit,
572 2704 718 2786 agnovit,
740 2711 777 2768 et
795 2703 986 2786 exscripsit.
1029 2700 1249 2768 Pervenerout

160 2803 311 2888 reliquiae
326 2804 433 2870 libelli
455 2805 499 2869 ad
518 2803 644 2870 Aldum
664 2804 867 2883 Munatium,
882 2805 941 2889 qai
956 2807 1159 2870 conatusest
1172 2820 1249 2866 cnm

161 2905 263 2970 Pauli
276 2907 422 2989 epitome
438 2925 497 2972 eas
512 2907 723 2992 conjungere,
743 2911 779 2973 et
791 2927 892 2973 nuum
913 2923 1035 2992 corpus
1048 2925 1093 2969 ox
1106 2901 1249 2987 duplici·

161 3008 227 3074 bus
242 3009 407 3072 *membris
436 3008 612 3094 conticere.
656 3010 765 3075 Simili
787 3011 916 3076 ratione
937 3028 982 3073 ex
1001 3013 1141 3089 auoque
1163 3003 1247 3068 libro

160 3107 333 3176 consectus
349 3105 433 3175 alter
445 3110 529 3176 liber
543 3110 683 3177 extabat
696 3110 787 3195 apud
805 3108 973 3175 Achillem
994 3106 1145 3171 Maleum
1165 3103 1253 3180 Ber·x

158 3209 290 3276 numni
312 3208 500 3276 Gardiualis
525 3211 671 3291 fratrem,
692 3211 750 3295 qui
773 3209 897 3276 Aldino
911 3207 1120 3292 locupletior.
1162 3203 1250 3270 Eum

158 3309 343 3394 exscripsit
356 3311 409 3379 vir
420 3309 836 3378 eruditissimoshntouius
845 3309 1049 3394 Augustinus
1061 3306 1249 3390 Episcopus

159 3411 355 3489 noreiensis,
376 3416 412 3476 et
432 3412 496 3478 hoc
518 3413 661 3497 amphus
682 3411 825 3478 lectores
846 3410 1026 3486 admonuit,
1049 3425 1125 3491 quaa
1143 3405 1249 3484 Festi,

6 3551 8 3574 ε
103 3571 112 3592 ,
159 3531 238 3595 onec
254 3512 357 3578 Pauli
378 3521 500 3579 essent.
544 3513 667 3580 Omnia
688 3531 823 3598 qnoque
844 3512 1029 3601 fragmenta
1050 3527 1127 3592 quaa
1145 3507 1249 3574 babu-

159 3621 232 3682 erat
246 3633 293 3680 ex
306 3613 734 3700 bibliothecaAmplissimi
747 3616 809 3682 viri
823 3613 973 3680 Famesii
988 3610 1178 3679 cmdmalis
1191 3607 1249 3672 de·

161 3716 267 3780 scribi
277 3716 417 3794 curarit,
430 3722 466 3780 et
478 3718 720 3782 commentariis
741 3716 927 3783 illustravit.
971 3713 1056 3780 Post
1068 3730 1145 3777 eum
1159 3707 1249 3773 criti·
1349 3765 1352 3770 .

162 3835 279 3886 corum
296 3815 459 3902 Princeps
470 3817 494 3884 J
495 3818 641 3902 osepbns
653 3818 800 3901 Scaliger
814 3817 890 3882 huic
904 3814 1033 3880 auctori
1042 3808 1248 3876 emendando

165 3915 454 4000 diligentissimam
467 3937 601 4002 operam
616 3919 785 4003 praestitit,
796 3918 900 3983 multa
913 3915 1050 3981 vulnera
1062 3911 1205 3989 sanavit,
1214 3916 1249 3974 et

322 4183 324 4188 .
338 4151 350 4185 ⁸
365 4143 406 4194 Ex
417 4141 515 4194 Autan.
533 4139 642 4207 August.
654 4141 694 4192 Ex
709 4137 834 4192 Politian·
845 4135 921 4190 Ceut.
933 4148 952 4186 r.
964 4145 1022 4214 cap·
1032 4137 1074 4185 tt.
