2980 4888
357 539 786 634 JOHANNIS
853 533 1221 630 CLERICI*

470 776 533 840 DE
554 773 789 841 EDITIONE
811 770 1097 839 DAGERIANA

576 988 600 1038 Α
616 987 659 1038 st:
675 985 829 1038 cuculus
845 984 982 1036 RECUSA

436 1188 793 1284 ADMONlTIO
834 1182 1116 1264 LECTORI.

242 1605 341 1699 Con
362 1633 593 1700 statuissemus
611 1631 766 1698 recudere
784 1631 1006 1697 Parisiensem
1021 1629 1208 1696 Editionem
1224 1629 1323 1694 Pom·

241 1735 310 1818 peii
328 1735 432 1813 Festi,
446 1735 563 1800 moniti
576 1752 691 1796 snmus
703 1732 735 1795 ei
750 1732 907 1796 nonnulla
915 1731 1042 1807 deesse,
1052 1750 1128 1815 quse
1145 1731 1176 1795 si
1187 1731 1322 1816 supple·

240 1836 546 1912 somnolentorum
566 1833 686 1898 usibus
705 1829 986 1897 accommodatior
998 1831 1112 1898 lutura
1125 1832 1198 1897 hnc
1212 1837 1324 1896 nostra

242 1934 356 2000 Editio
373 1935 555 2000 videbatur.
599 1933 746 1998 Primum
761 1932 899 1997 deerant
911 1937 999 1998 notre
1014 1935 1144 2016 integrae
1158 1932 1221 1998 viri
1236 1950 1325 1996 sum·

242 2037 289 2100 rui
309 2035 386 2100 Jos.
409 2034 584 2117 scaligeri,
611 2053 696 2118 quas
717 2039 901 2099 contractas
923 2035 996 2099 suis
1016 2034 1243 2100 admiscuerat
1264 2030 1326 2096 Vir

243 2136 456 2202 Clarissimus
471 2136 558 2201 And.
573 2135 750 2212 Decerius,
773 2135 970 2219 plerumque
984 2134 1118 2219 quidem
1134 2133 1251 2199 addito
1264 2152 1326 2197 no·

120 2223 127 2234 ’
240 2236 328 2299 minc
357 2236 528 2318 Scaligeri,
558 2235 672 2300 sedet
699 2235 864 2299 interdum
895 2236 1032 2300 omisso.
1075 2235 1143 2299 Eas
1169 2233 1328 2316 integras,

242 2343 342 2419 atquc
367 2335 517 2418 subjecto
543 2342 733 2401 constanter
757 2334 936 2419 Scriptoris
961 2336 1104 2413 nomine,
1126 2335 1181 2400 edi
1196 2335 1252 2400 lric
1271 2355 1328 2400 cn·

244 2437 403 2503 ravimus.
447 2435 611 2515 Secundo,
626 2435 712 2501 idem
723 2438 937 2521 praestitimus
950 2437 984 2504 in
998 2439 1088 2503 notis
1101 2435 1183 2502 Aut.
1194 2435 1328 2520 Augus·

242 2538 305 2602 tini
326 2543 359 2602 et
380 2537 492 2603 Fulvii
515 2537 641 2615 Ursini,
662 2558 748 2621 quas
770 2539 889 2604 deesse
909 2539 1010 2604 etiarn
1032 2537 1238 2616 videbamus,
1264 2537 1329 2602 nisi

244 2657 358 2702 earum
381 2638 488 2703 obiter
515 2623 715 2704 meminisset
742 2641 919 2705 Ducarius.
963 2639 1111 2722 Scaliger
1137 2637 1330 2722 quidemst

243 2736 453 2820 Augustinus
462 2739 607 2804 nondum
617 2740 767 2806 viderant
776 2739 1009 2824 Fragmentum
1021 2740 1132 2821 Festi3
1147 2739 1208 2804 sed
1217 2745 1328 2804 nmen

242 2837 434 2902 felicissime
445 2838 580 2903 lacunas
595 2841 833 2924 exemplarium
847 2861 982 2906 suornm
996 2839 1137 2906 subinde
1153 2838 1330 2924 suppleve-

244 2957 290 3018 re,
305 2938 492 3020 prasertim
507 2937 673 3021 Scaliger3
694 2959 717 3004 a
729 2960 795 3024 qno
808 2940 886 3006 ideo
900 2943 1086 3025 inspectum
1099 2940 1329 3023 fragmentum,

244 3038 396 3122 quamvis
421 3036 646 3116 dissimularit,
671 3038 761 3104 fuere
785 3043 845 3125 qui
870 3041 1074 3107 crediderint
1117 3040 1273 3108 Attamen
1296 3047 1330 3105 et

246 3137 409 3200 interdum
423 3140 467 3202 ab
479 3139 554 3222 ejus
568 3139 710 3204 vocibus
723 3138 804 3218 abit,
817 3139 865 3206 ita
879 3146 987 3206 nmen
1002 3149 1039 3208 nt
1052 3143 1082 3207 si
1091 3143 1220 3208 aberret
1232 3141 1329 3206 docte

246 3235 381 3300 omnino
408 3235 639 3315 hallucinatur,
668 3245 703 3303 et
728 3241 819 3306 lectu
852 3242 896 3305 sit
923 3241 1148 3324 dignissimus.
1203 3241 1329 3318 Tertio,

249 3336 481 3418 Fragmentum
489 3340 525 3399 et
533 3335 693 3416 Sobedas,
701 3357 778 3404 curn
791 3341 915 3406 notulis
926 3342 1002 3407 Ful.
1013 3341 1140 3420 Ursini,
1155 3343 1330 3428 subiunxi·

248 3453 332 3513 runs,
346 3441 383 3500 ut
396 3452 418 3499 a
432 3435 629 3502 [rectoribus
647 3445 789 3521 possent
803 3459 878 3504 cnm
893 3441 1120 3525 superioribus
1134 3444 1331 3526 comparari.

248 3533 397 3600 Tametsi
409 3535 496 3598 enim
510 3555 556 3601 ex
568 3537 612 3601 iis
626 3538 792 3622 suppletae
808 3541 877 3605 siut
894 3541 1024 3607 lacuna
1045 3541 1150 3620 Fasti,
1173 3542 1331 3608 nonnulla

240 3634 430 3698 ,etiamnum
444 3640 521 3701 sunt
534 3655 609 3719 qum
620 3637 655 3701 in
666 3657 706 3702 eo
717 3647 1039 3724 ncncompmentet
1051 3659 1127 3724 quae
1140 3641 1332 3708 intercidere

251 3734 450 3816 negligentia
463 3741 579 3800 nostra
597 3737 692 3804 netas
710 3738 874 3808 duximus.
918 3740 1007 3806 Haec
1028 3739 1070 3804 de
1090 3741 1160 3807 bac.
1177 3741 1331 3808 Editione

253 3834 415 3902 monenda
428 3833 643 3914 habebamus,
655 3837 787 3923 adquae
801 3839 865 3905 boc
874 3857 974 3907 unum
983 3839 1142 3920 aceedet;
1163 3840 1333 3908 innumera

253 3933 372 3997 ruenda
389 3933 667 4019 Typotbetarum,
690 3957 767 4022 qam
786 3938 820 4003 in
844 3937 1029 4004 Editiouem
1050 3939 1271 4010 Parisiorucm
1291 3945 1335 4010 ir·

255 4038 436 4118 repserant,
447 4054 491 4100 ex
506 4035 568 4102 bac
582 4037 687 4106 luisse
699 4037 871 4123 diligenter
885 4039 1029 4106 sublata.
1052 4038 1150 4106 Vale.
