3000 4890
288 401 336 450 nu
361 402 563 455 VERBORUM
588 404 896 455 sioututcu'ttoun
924 408 994 457 utu.
1018 410 1057 457 X.
1154 395 1219 460 ³49

163 543 258 624 quod
272 544 369 620 lares,
383 563 523 626 quornm
538 545 569 609 iu
585 553 658 612 erat
673 546 749 610 dies
766 547 888 624 festus,
911 549 1032 616 animm
1054 552 1219 633 putaban-

163 651 217 705 tur
230 662 304 708 esse
317 644 497 720 hominnm,
511 646 655 712 redactae
667 657 693 686 ¹0
708 649 742 711 in
756 668 930 716 numerum
948 651 1103 714 Deorum.

119 740 288 807 Lanerum
299 752 343 782 ¹¹⁵
359 747 549 811 vestimenti
564 767 667 828 genus
680 767 723 812 ex
738 749 818 812 iana
833 749 972 814 succida
985 752 1182 817 consectum.

119 833 336 923 Laudemus:
351 847 409 929 qui
424 847 503 911 lana
517 850 598 929 tegit
614 849 700 912 oonli
716 851 844 914 vitium.

118 943 282 1026 Lapidem
300 947 448 1010 uilicumu
470 950 628 1013 tenebant
642 949 786 1031 juraturi
803 972 860 1034 per
874 951 1006 1029 Iovem,
1023 953 1099 1018 haeo
1117 937 1218 1020 vesba

163 1044 330 1112 dicentes:
356 1049 393 1114 Si
416 1051 527 1114 sciens
548 1050 642 1130 fallo,
668 1059 737 1115 tum
760 1072 812 1116 mo
838 1055 1010 1135 Diespiter
1024 1055 1119 1118 salva
1134 1057 1216 1120 urbe

164 1164 305 1229 arceque
318 1150 416 1213 bonis
432 1149 559 1232 ejiciat,
575 1152 625 1214 uti
637 1170 698 1234 ego
714 1152 801 1217 hunc
816 1153 975 1235 lapidem.

117 1246 396 1328 Lapidioinae,¹²¹
418 1251 475 1313 ubi
490 1251 727 1315 exscindantur
740 1253 882 1335 lapides.

119 1347 286 1430 impii,ny
301 1349 415 1413 dolore
430 1351 541 1415 afficit.

116 1448 310 1513 Larentalia
321 1457 367 1495 ¹⁴²
383 1452 535 1534 conjugis
553 1452 704 1516 Faustuli
718 1455 853 1518 nutricis
866 1464 888 1500 ¹⁵
912 1457 1010 1521 Remi
1027 1464 1060 1521 et
1077 1457 1216 1524 Romuli

163 1549 329 1614 Larentiae
342 1551 438 1615 festa.

150 1847 182 1892 io
199 1842 251 1893 iiiii
262 1847 359 1905 sitista,
371 1852 421 1898 vet.
433 1847 490 1896 cod.
499 1849 653 1898 retum-11
673 1848 715 1898 ΑΙ.
727 1847 920 1898 luveram—it
945 1847 952 1875 ⁶
966 1849 994 1898 L·
1006 1862 1039 1896 m.
1058 1847 1215 1912 lapidicina,

116 1907 157 1954 ubi
168 1909 311 1960 cxcidsstss·
328 1910 434 1972 lapideu’
453 1911 522 1961 Fuiv.
534 1913 686 1960 timim—13
703 1911 746 1960 ut.
767 1912 844 1974 Lipit,
856 1913 895 1961 sci
906 1911 996 1974 utpute.
1010 1911 1050 1959 vet
1065 1911 1161 1974 iapsit,
1174 1914 1215 1963 vei

114 1971 264 2022 [aliu-ts
282 1973 336 2024 uui
347 1975 436 2038 legunt
447 1975 599 2025 inmutatio
610 1983 639 2025 et
649 1976 859 2025 tanetum-1⁵
876 1976 987 2028 Quidem
999 1977 1138 2026 intentoris.

610 2135 719 2187 NO'I'AE

113 2261 213 2324 rosch,
225 2263 293 2313 unde
305 2264 392 2315 Greci
404 2265 494 2328 λόγχη.
511 2267 573 2316 Duc.
684 2266 756 2328 sisui,
772 2271 896 2330 tantoque
917 2266 997 2330 msgis
1016 2265 1095 2316 ferito
1114 2273 1211 2330 qusniu

147 2344 158 2370 ¹
172 2337 261 2388 Luam
281 2340 381 2404 effigies]
406 2343 472 2392 Vide
495 2342 594 2407 ‘pila'
616 2352 644 2394 et
684 2341 763 2402 magis
786 2349 862 2404 potes
891 2342 1029 2405 pellesque.
1075 2341 1142 2390 Huc
1169 2341 1212 2389 ubi

115 2409 252 2474 ‘effigiem'
270 2414 344 2464 idem.
683 2416 751 2465 dixit
771 2429 877 2478 potuum
901 2430 963 2466 seso
985 2417 1056 2466 silice
1079 2413 1211 2479 percutit!

147 2493 156 2517 ⁸
167 2486 298 2552 weram]
309 2490 333 2540 Λ
346 2492 413 2550 isne,
426 2493 539 2555 tanetus,
550 2508 574 2554 s,
585 2508 641 2542 sius:
685 2492 759 2540 Idem.

114 2568 143 2609 nt
157 2577 171 2608 a
184 2577 294 2625 quercus
310 2580 458 2628 qucrccrus.
474 2568 548 2616 Idem
716 2575 728 2600 ¹
741 2567 898 2629 lapidicina]
916 2567 1044 2629 Corrupto
1058 2579 1103 2628 pso
1116 2566 1211 2628 lupico·

147 2639 156 2668 ⁸
172 2637 314 2703 mimum]
332 2641 383 2692 Qui
402 2643 522 2692 culcitam
543 2645 643 2692 iunesm
683 2641 754 2691 diuoe.
771 2643 866 2705 Alcpis
876 2651 903 2691 et
914 2645 987 2702 sads,
997 2642 1027 2690 s‘
1038 2637 1128 2701 αωοβ
1143 2642 1212 2690 ‘cse-

113 2710 196 2760 issbet
214 2713 248 2761 oi)
268 2716 366 2776 oculos,
386 2725 415 2765 ut
431 2717 499 2780 spnd
521 2719 643 2768 Plautum
684 2716 761 2778 dins,'
774 2725 803 2766 ut
814 2720 847 2765 s‘
858 2715 948 2777 iodim*
965 2713 1091 2764 ‘sodium'
1109 2714 1183 2763 idem.

113 2786 175 2835 Mil.
187 2787 260 2838 Glcr.
275 2791 318 2850 qui
336 2793 438 2840 oculum
460 2793 517 2841 isus
529 2794 602 2856 tegit,
614 2802 642 2844 ut
716 2802 726 2836 ι
744 2792 974 2856 lapid-Pacuvius
988 2791 1123 2864 Perilqoes:
1139 2791 1209 2838 ‘Lu-

113 2862 136 2909 is
160 2876 219 2912 sese
241 2865 329 2914 meiius
346 2865 454 2928 nubem
471 2868 555 2918 tanum
574 2869 642 2918 cuim
684 2868 787 2930 pitens
805 2883 876 2930 curs,
895 2880 1008 2916 aramus
1025 2879 1119 2928 corpus
1131 2863 1221 2913 confi-¹

113 2935 265 3001 frequentes
274 2940 383 2990 Veteres
393 2941 558 2994 adhibebant.
579 2944 641 2993 Soc·
683 2940 738 2992 cit!
761 2943 892 2992 Imitatum
905 2958 920 2990 a
932 2941 1038 2997 Grecis,
1050 2941 1093 3004 qui
1105 2939 1210 3002 πόρωσιν

115 3019 168 3060 ton.
180 3007 206 3060 in
222 3015 360 3064 Domitian.
372 3029 430 3078 esp.
440 3020 480 3065 ii.
496 3021 504 3045 ⁴
518 3016 558 3067 Ac
568 3019 642 3068 ainis·
683 3016 734 3064 ini
744 3019 787 3074 τῆς
798 3017 875 3075 λύπης
886 3016 984 3065 dicunt.
1000 3017 1052 3064 alos.
1063 3015 1125 3064 ucat

114 3087 212 3137 tatione
235 3089 350 3150 bractio,
372 3093 443 3140 vetut
471 3106 551 3155 aegro,
578 3093 642 3144 lania
714 3092 800 3156 sapit]
818 3093 849 3142 ld
862 3101 910 3155 est,
921 3091 1054 3154 lapidescit,
1065 3088 1158 3152 lapidis
1170 3090 1209 3138 in·

113 3166 255 3231 fasciisque
268 3183 315 3230 pes
326 3169 423 3232 suqmu
441 3167 496 3216 dies
516 3169 548 3216 sd
569 3182 642 3217 sves·
683 3175 737 3216 stsr
748 3167 839 3216 dutum
856 3165 894 3215 fit.
930 3165 1058 3214 Pacuvius
1070 3163 1207 3215 Panibus:

114 3241 219 3291 tendam
229 3242 400 3306 suspicionem
413 3244 551 3292 obvoluto'
573 3245 643 3292 Msr·
681 3243 774 3306 ‘Lapit
784 3256 831 3291 cos
841 3255 914 3303 curs,
923 3254 1037 3290 arumna
1048 3255 1139 3304 cuspus
1150 3254 1211 3290 con·

113 3317 171 3367 usi.
189 3323 197 3346 ’
209 3317 285 3368 Quod
297 3319 356 3367 iaus
366 3326 447 3383 ceput
459 3319 566 3382 diligas,
576 3319 641 3369 Chs·
681 3315 754 3366 ficit!
770 3318 832 3366 Duc.

112 3390 190 3441 sinc!
208 3377 282 3442 idem.
713 3399 723 3423 ¹
737 3391 887 3454 mentulis]
908 3390 999 3440 Piscst
1012 3389 1134 3439 librorum
1145 3405 1207 3454 quo·

147 3467 291 3530 ”Lamum
307 3469 407 3532 silicesu]
424 3468 482 3519 Etsi
498 3469 585 3532 sciam,
598 3469 640 3532 ju·
682 3466 788 3516 ruudssn
811 3466 898 3522 tectio,
925 3465 1041 3514 Faustuli
1069 3465 1208 3514 inventoris

111 3548 213 3590 satores
224 3543 376 3605 sintplicitcr
391 3543 438 3590 hsc
452 3541 560 3591 formula
574 3557 641 3604 usos,
681 3543 772 3592 Remi:
790 3555 934 3606 quiunquam
953 3555 1003 3590 uon
1023 3540 1146 3603 displicet
1162 3555 1207 3588 nu·

111 3631 191 3680 quam
210 3617 303 3668 Festus
323 3615 415 3677 refert,
433 3617 474 3666 hic
492 3625 577 3668 tamen
594 3633 641 3680 per
682 3618 756 3666 tuitii.
789 3617 964 3667 inventorest
980 3617 1208 3680 piusqusmuntri·

104 3691 283 3750 injucundum,
295 3691 356 3740 iliud
366 3691 491 3755 intelligo,
500 3706 551 3756 quo
562 3691 640 3742 foeda·
682 3691 741 3753 tius,
755 3691 798 3754 qni
809 3691 940 3754 expositos
951 3691 1063 3750 sustulit,
1075 3699 1102 3740 et
1115 3691 1207 3739 educa·

111 3782 140 3816 ss
153 3767 330 3818 firmabantur.
354 3768 423 3816 Vide
436 3768 528 3830 Polyb.
538 3768 584 3818 ub.
595 3781 639 3818 ιιι.
680 3767 727 3815 sit.
760 3767 862 3815 Inventi
876 3767 944 3816 enim
956 3766 1065 3816 inientes
1076 3766 1207 3826 dicuntur,

111 3841 175 3892 Alis
196 3844 273 3892 etiam
294 3843 405 3892 formula
423 3857 481 3890 usos
491 3843 602 3892 Veteres
614 3846 640 3892 in
680 3841 703 3890 ol
713 3842 890 3904 χιψιιιρῥιφιῑιι
908 3850 936 3892 st
955 3844 999 3906 qui
1010 3841 1124 3904 expositi
1136 3851 1206 3903 sunt,

110 3917 257 3969 t'oederiisus
277 3917 400 3968 feriendis
420 3925 494 3981 patet
514 3933 548 3967 cx
568 3919 640 3968 Liuio
681 3926 818 3982 psoptsrcs
840 3921 866 3967 iu
891 3916 1122 3968 constitutionibus
1143 3916 1208 3966 dicti

111 3997 158 4044 tiis.
171 4009 192 4044 ι.
209 4010 264 4060 qua
280 3996 335 4044 nac
346 3994 412 4044 fuit:
430 3993 501 4043 ‘tini
513 3993 639 4056 prior-de·
679 3991 826 4054 χιμινριτοῐ.
843 3992 896 4040 Jm.
907 3990 970 4040 Seni.

111 4069 183 4120 t'exit
200 4070 302 4133 publico
320 4069 425 4118 consilio
442 4067 502 4116 doio
518 4069 594 4128 mslc‚
611 4077 639 4117 tu
712 4066 860 4128 iarestslin]
877 4067 954 4116 Fests
970 4081 1027 4124 quac
1040 4067 1067 4116 in
1083 4067 1206 4122 honorem

113 4144 158 4192 iiic
178 4144 229 4206 dic,
246 4144 361 4208 Jupiter,
382 4143 502 4206 populum
524 4155 582 4191 eum
604 4143 642 4192 sic
681 4144 760 4193 Acca
778 4143 906 4193 Lsrcntin
925 4147 965 4191 1⁰.
981 4142 1042 4192 Kal.
1061 4143 1121 4194 isn.
1140 4145 1207 4194 celc-

111 4219 200 4276 fesitn,
212 4229 242 4269 ut
253 4233 302 4283 ego
313 4219 379 4268 tunc
397 4229 500 4280 porcum
518 4215 593 4266 hodic
606 4214 641 4265 ic·
683 4218 831 4269 brabantes.
864 4217 917 4268 utu
936 4218 1034 4282 legunt,
1053 4218 1207 4270 Lssrmtsliu
