2984 4892
286 425 334 471 nn
357 423 561 474 vannorum
585 423 890 474 srerurrcrrmuu
914 425 986 478 mn.
1009 426 1081 476 xm.
1178 413 1242 478 499

198 587 274 632 esse
286 568 442 651 presentis
455 567 608 654 temporis,
623 581 651 634 et
662 591 787 654 prorsas
802 567 942 636 alienum
956 589 1091 637 numero
1104 571 1241 650 suerunt,

198 669 281 752 qaod
303 667 340 731 de
359 670 516 752 preterito
544 682 721 755 usurpatur,
748 673 810 736 rive
832 691 872 736 eo
898 672 1011 737 ordine
1048 684 1241 756 usurparant

199 768 323 854 antiqui
346 769 480 854 quadum
503 774 725 839 consuetudine
746 773 915 859 loquendi,
930 795 991 858 qua
1015 771 1155 837 solebant
1165 795 1241 858 pre·

185 868 282 954 fiere
293 873 388 934 verda
403 872 566 956 ejusmodi
581 892 591 952 ;
607 875 677 946 sire
691 883 773 937 certa
773 874 844 956 fine
857 884 1058 938 extremarum
1073 871 1240 950 vocalium,

198 973 475 1054 quemadmodum
502 973 622 1037 uidetur
654 975 687 1038 iu
721 976 785 1039 sue
805 976 926 1059 scripta
947 997 1028 1040 usus
1054 976 1241 1060 Pompeius

198 1072 327 1152 Sextus,
361 1071 445 1157 apud
468 1095 554 1158 quem
583 1074 734 1158 reperitur
767 1085 903 1140 extrema
939 1077 1069 1160 syllaba
1097 1076 1242 1141 vocativi

197 1195 283 1236 cuae
288 1174 451 1258 preducta,
461 1186 491 1238 et
501 1176 633 1261 ejradem
647 1195 748 1242 casus
761 1177 878 1242 eadem
891 1188 1047 1261 correpta,
1060 1177 1240 1241 terminata-

199 1295 257 1359 que
271 1275 304 1338 ln
319 1297 338 1340 e
359 1279 517 1361 temporis
532 1279 717 1360 praesentis.
763 1276 898 1340 Numero
918 1287 1019 1340 nutem
1033 1275 1142 1340 dixisse
1155 1277 1242 1342 auti·

198 1397 286 1460 ques
307 1380 441 1442 nimium
458 1379 542 1463 qaod
563 1377 748 1463 significare,
773 1378 819 1450 uit
843 1378 981 1443 Sinnius
997 1377 1141 1462 Cupito:
1166 1397 1242 1443 esse

197 1479 284 1543 enim
298 1481 346 1543 ita
358 1479 517 1544 locutum.

201 1625 208 1640 .
486 1628 496 1644 .
560 1601 616 1645 um
631 1601 692 1646 vos
707 1582 786 1645 estis
798 1581 942 1645 minime.
1041 1627 1049 1641 .
1136 1628 1143 1643 .

199 1677 271 1742 Nisi
283 1700 408 1746 numere
423 1682 626 1766 perbiterint,
646 1683 713 1746 uisi
725 1683 792 1746 cito
795 1723 1242 1746 ......

432 1827 443 1869 ·,
526 1782 562 1845 id
582 1793 624 1846 ert
649 1783 787 1847 nimium
808 1785 837 1847 si
858 1785 939 1860 isse,
954 1783 1011 1866 qui
1036 1801 1167 1860 exeam,
1181 1803 1242 1846 nu-

197 1901 289 1946 mero
314 1884 395 1947 estis
413 1885 543 1959 mertui,
565 1885 628 1948 hoe
649 1885 815 1967 exemplo,
841 1892 878 1950 ut
903 1885 1090 1966 pingeretis,
1116 1882 1151 1946 id
1178 1891 1240 1960 est,

196 2003 255 2047 aur
268 1984 337 2048 cito
350 1987 471 2050 mertui
485 1986 591 2050 estis'l
616 1986 705 2050 Item
720 1985 754 2048 in
771 1985 869 2050 Nelei
881 2005 889 2050 t
910 1984 1090 2066 Nunquam
1103 2003 1240 2049 numero

196 2085 293 2148 matri
311 2085 474 2150 faciemus
488 2087 590 2151 volui.
635 2086 731 2152 Idem
741 2086 755 2126 ⁶
766 2092 829 2164 est,
845 2086 1029 2169 Nunquam
1043 2087 1181 2149 nimium
1191 2086 1241 2150 sa-

196 2185 332 2250 ciemus.
376 2182 479 2269 Apud
490 2186 667 2252 Naevium:
684 2188 857 2252 Neminem
872 2187 951 2264 vidi,
965 2187 1023 2270 qui
1034 2206 1168 2252 numero
1178 2187 1243 2251 sci-

196 2293 259 2365 ret,
275 2287 398 2370 qnique
411 2288 487 2366 scit,
499 2289 533 2353 id
550 2299 612 2367 est,
629 2309 731 2372 epus,
747 2288 781 2352 id
798 2293 861 2365 est,
873 2289 1011 2352 nimium
1033 2288 1144 2352 sciret.
1188 2286 1243 2353 An

195 2407 365 2470 panurgus
379 2389 546 2454 Antonius
561 2389 635 2454 haee
651 2391 699 2453 ait
723 2407 857 2453 numero
882 2389 1019 2452 nimium
1036 2389 1133 2453 eitol
1158 2390 1245 2452 cele·

198 2489 278 2552 riter
291 2490 445 2554 nimium:
467 2497 506 2553 ut
521 2491 665 2555 Plantas
680 2491 716 2553 in
731 2488 856 2554 casina
869 2497 900 2553 r‘³
924 2489 988 2552 Ere
1005 2489 1071 2554 mi:
1094 2490 1176 2571 quid
1192 2489 1244 2552 vis

197 2609 273 2654 mea
288 2590 434 2654 ancillet
455 2592 592 2656 nimium
608 2593 736 2682 saepiae
751 2610 886 2655 numero
907 2591 993 2656 dicis
1013 2590 1146 2654 nimium
1163 2591 1244 2654 cito.

198 2690 314 2754 Attius
328 2692 363 2755 in
379 2691 568 2756 OEnomao:
591 2692 664 2775 Ege
680 2704 718 2758 nt
732 2713 841 2758 essem
855 2692 976 2756 adfinis
996 2692 1069 2769 tibi,
1082 2711 1147 2754 nou
1161 2696 1198 2755 ut
1212 2697 1244 2755 te

197 2792 432 2874 extinguerem,
459 2793 568 2857 Tuam
595 2794 665 2877 peti
695 2803 841 2877 gnatam,
870 2812 1005 2858 numere
1028 2799 1060 2856 te
1083 2799 1247 2876 expurgat

198 2893 310 2956 timor.
353 2893 512 2958 Afranius
540 2895 574 2957 in
595 2895 782 2978 Suspecta:
805 2896 872 2959 Per
898 2894 1032 2970 salsum,
1062 2900 1097 2957 et
1125 2892 1186 2956 abs
1214 2900 1246 2956 te

198 2993 361 3057 creditum
383 3013 518 3060 numere
540 2995 649 3059 nimis.
686 2994 852 3062 Celeriter·
892 2993 1049 3058 Caecilius
1074 2994 1107 3056 in
1124 2992 1247 3056 AEthri·

198 3113 264 3157 one
278 3102 297 3154 :¹
320 3093 360 3157 Ei
384 3096 490 3178 perii:
519 3096 598 3178 quid
619 3098 691 3161 ital
714 3115 850 3160 numero
877 3097 976 3171 venit,
999 3093 1075 3159 fuce
1096 3094 1245 3158 domum.

187 3390 203 3434 o
220 3384 267 3434 Vir
277 3383 346 3436 doct.
359 3385 385 3434 in
395 3398 475 3452 marg.
487 3385 528 3435 ed,
541 3385 608 3436 Suel.
620 3388 687 3450 conj.
698 3388 724 3436 id
734 3394 778 3439 ert.
799 3387 867 3438 Vide
879 3389 971 3439 Natus.

649 3547 755 3598 NOTAE

148 3656 261 3718 mortui,
274 3655 323 3706 hoe
339 3658 458 3720 exemplo
476 3665 505 3705 ut
524 3658 682 3722 pingeretis:
723 3659 782 3708 cilio
794 3660 817 3710 ei
827 3660 930 3722 protei.
962 3657 1188 3713 Postremeverba
1200 3657 1247 3706 Ar·

151 3733 188 3782 In
208 3731 349 3795 imprerrie,
360 3731 428 3780 Hinc
450 3735 579 3794 exemplam
596 3736 682 3796 alpia·
723 3736 752 3784 tii
772 3738 797 3784 in
815 3737 940 3787 OEnnmne
954 3736 1021 3798 apud
1040 3734 1150 3784 Nonium
1162 3733 1249 3796 legun·

148 3807 251 3869 geretis.
267 3806 442 3857 Quaerendum
456 3806 682 3870 igiturquemuda
722 3818 772 3860 tur.
818 3812 900 3875 Lege,
923 3816 990 3860 tuam
1010 3811 1068 3873 petii
1084 3814 1192 3872 gualam,
1208 3811 1248 3869 tre.

150 3881 417 3944 illuriutequiexeuer
434 3882 487 3930 rint
499 3883 681 3932 convertenda.
723 3884 806 3935 Idem.

153 3957 219 4006 Duc.
755 3960 1074 4024 'CoeeiliurinAEltriarrd
1090 3960 1249 4011 lEtlrrienem

189 4041 202 4075 ¹
220 4035 320 4084 Pleutur
332 4035 359 4083 ἐκ
374 4033 473 4096 Curiae]
489 4035 570 4086 linem
579 4041 621 4085 ert
631 4044 682 4085 act.
724 4035 821 4084 Cecini
844 4037 934 4086 laudnt
951 4038 1029 4085 etium
1049 4034 1114 4085 infru
1136 4038 1162 4084 irr
1186 4050 1251 4084 rece

153 4123 201 4160 ru.
213 4125 251 4160 se.
262 4117 288 4159 t.
306 4111 431 4159 ‘ureme
445 4111 564 4174 quidrir,
574 4125 631 4160 meu
642 4125 684 4159 uu·
723 4110 870 4160 ‘reatinen’
902 4110 954 4160 Sed
973 4113 998 4159 in
1020 4125 1081 4160 voce
1098 4109 1181 4174 ‘oru,'
1198 4111 1252 4160 AEr·

154 4187 236 4236 cilia?
270 4187 384 4236 Nimium
402 4187 486 4236 savir.
522 4187 636 4236 Numero
647 4187 685 4236 di·
725 4187 863 4236 curionem.
895 4183 1251 4235 Eudenrtumenvideturlu·

156 4263 212 4312 eir!
245 4264 294 4312 Ere
306 4277 354 4327 pre
366 4263 428 4313 lure.
451 4263 493 4313 Sic
507 4262 573 4314 infre
584 4279 615 4316 ex
628 4264 684 4315 Car·
726 4264 795 4325 brrla,
806 4277 886 4327 quare
899 4263 993 4327 ubique
1007 4262 1046 4311 vel
1058 4263 1195 4314 AErelrrierre
1215 4263 1251 4310 le·
