3036 4890
299 421 347 468 na
371 417 576 466 vanuunun
602 379 907 464 e'tnmnronrronu
933 411 1003 458 ιιιι.
1027 410 1076 456 ιιι.
1167 387 1230 455 wi

190 563 283 628 circa
296 563 431 645 templa.
475 562 559 626 Sunt
582 565 692 624 autem
719 557 777 639 qni
799 560 918 640 putant
939 551 1084 618 sarissas
1104 567 1180 614 esee
1197 550 1232 612 in

192 665 360 748 Capitolio
386 663 481 728 cellis
506 662 723 743 cisternlsque
748 657 885 734 similes,
911 655 969 720 ubi
1001 653 1116 735 reponi
1142 656 1242 715 erant·

192 765 291 830 solitu
304 785 356 840 ea,
370 783 446 849 quae
461 767 495 828 in
511 764 634 847 templo
650 768 817 828 vetustate
831 765 924 822 erant
944 756 1036 821 tacta
1049 753 1190 820 inutilia.

147 867 369 932 Faustulnm⁰
382 866 577 950 porcellum,
592 865 734 928 feturam
747 878 934 946 porcorum.

147 969 426 1034 Faraulamne
451 968 575 1031 mensis
600 965 723 1042 dictur,
748 963 841 1047 quod
860 968 939 1034 tum,
960 957 995 1020 id
1009 963 1068 1032 est,
1082 961 1233 1020 extremo

193 1089 306 1135 mense
330 1072 405 1133 anni
430 1068 576 1152 populna
599 1066 819 1140 februaretnr,
844 1062 956 1137 idest,
975 1060 1172 1133 lustraretur,
1190 1075 1235 1121 ¹uc

193 1178 403 1255 purgaretur:
425 1170 479 1235 vel
494 1189 517 1235 a
529 1169 661 1234 lunone
673 1167 834 1240 februata,
850 1181 949 1247 quam
965 1160 1023 1224 alii
1043 1157 1235 1233 labmalem,

194 1272 341 1336 Romani
354 1270 504 1336 tebrulim
518 1277 657 1334 vocant:
683 1266 773 1351 quod
789 1265 856 1348 ipsi
877 1283 918 1327 eo
936 1280 1049 1326 mense
1068 1278 1165 1324 sacra
1179 1257 1238 1321 fie-

193 1375 286 1449 bant,
309 1371 449 1455 ejusque
471 1372 562 1435 seriae
588 1377 682 1434 erant
701 1366 893 1451 lupercalia,
916 1383 984 1447 quo
1008 1361 1062 1425 die
1085 1359 1237 1423 mulieres

192 1473 427 1537 februabantur
442 1461 620 1555 a'lnpercis
636 1471 778 1534 amiculo
791 1469 813 1533 J
815 1466 943 1542 anonis,
955 1463 988 1528 id
1004 1470 1066 1540 eat,
1081 1462 1168 1545 pelle
1183 1479 1238 1524 ca·

194 1576 311 1657 priua:
327 1593 424 1658 quam
441 1575 485 1637 ob
507 1593 644 1638 cansam
661 1574 690 1635 is
705 1589 837 1654 quoque
851 1568 924 1631 dies
939 1566 1108 1629 februatue
1124 1562 1239 1644 appel-

194 1675 340 1738 labatur.
384 1673 615 1758 Quaecumque
630 1673 771 1756 denique
781 1665 989 1754 purgamenti
1004 1683 1107 1729 cansa
1119 1663 1153 1725 in
1163 1663 1238 1745 qui-‚

193 1779 325 1859 busque
336 1776 509 1840 sacrificiis
520 1776 724 1852 adhibentur,
734 1774 848 1838 februa
857 1767 1072 1854 appellantur.
1095 1763 1240 1839 Idvero,

195 1876 285 1961 qnod
300 1884 470 1968 purgatur,
486 1876 607 1941 dicitur
618 1877 814 1940 februarum.

645 2031 751 2082 norm
825 2013 834 2030 ⁰

149 2134 204 2188 aet,
226 2128 309 2192 prima
330 2130 356 2178 in
368 2129 461 2191 scetem
483 2128 678 2193 produceretur,
718 2125 819 2190 frugum
836 2123 987 2188 pecorisque
1000 2119 1074 2168 telina
1091 2115 1184 2180 Spicea
1196 2110 1241 2162 tlu-

148 2205 585 2268 qnarucorrlptritCeearScatiper:
598 2204 677 2255 ‘Qum
718 2214 761 2253 net
781 2203 902 2252 Cererem
925 2210 1033 2253 eunoun
1051 2191 1176 2243 Nutriant
1194 2186 1240 2236 ire·

149 2287 260 2342 poaeont
271 2280 304 2331 de
314 2280 452 2331 Socraticis
464 2281 549 2331 exiere
559 2278 679 2328 farinate)
718 2285 758 2326 tue
769 2282 797 2326 et
807 2289 880 2340 aque
897 2272 1012 2324 salubres
1028 2269 1061 2319 Et
1072 2265 1146 2318 Joria
1157 2260 1243 2312 eurm’

149 2355 248 2419 Neque
258 2357 432 2419 prinesunt'eaoe
443 2356 475 2406 (le
489 2356 622 2414 tlreanuria,
632 2353 676 2404 red
718 2352 780 2401 Due.

149 2429 187 2480 de
211 2433 298 2494 puteia
309 2439 336 2481 et
350 2447 422 2496 aqnae
441 2432 561 2480 cisternis
579 2429 677 2477 dictum
750 2437 763 2470 u
783 2423 934 2486 Februariae]
956 2421 1001 2471 ttt
1020 2418 1088 2468 diem
1110 2413 1242 2476 Luperca-

150 2512 205 2566 eet,
217 2513 244 2555 nt
251 2508 305 2570 jam
317 2522 404 2570 anpra.
437 2507 480 2556 De
492 2505 593 2555 favianis
604 2504 680 2566 Cepi·
717 2504 750 2554 lie
762 2502 928 2552 nVeteribua
945 2497 1089 2548 Februatrun
1099 2489 1185 2539 vncari
1203 2499 1243 2534 an·

151 2583 210 2630 tolli
223 2582 329 2644 ineignia
340 2581 552 2641 lccnaVarronia,
563 2581 604 2644 qni
621 2579 681 2628 Ser·
718 2582 801 2630 litnm.
843 2577 943 2626 Varro:
971 2565 1144 2632 ‘Lupercalia
1163 2561 1244 2620 dicte,

152 2657 198 2706 vio
217 2657 326 2719 Sulpitio
344 2658 454 2718 roganti,
465 2655 526 2720 quid
546 2657 571 2703 in
585 2655 680 2705 Cenan-
719 2654 786 2724 qnod
799 2655 823 2703 in
836 2649 973 2713 Lupercali
991 2644 1101 2709 Luperci
1119 2653 1192 2690 eacre
1204 2634 1243 2685 t'e·

152 2731 200 2780 riia
218 2731 291 2780 libria
309 2730 597 2795 nignificerentfnoitroe
610 2729 681 2793 Capi'·
719 2733 797 2782 cient.
835 2731 899 2784 Rex,
922 2741 978 2775 cnm
1002 2721 1077 2771 feriae
1099 2723 1243 2766 menrtruaa

151 2807 242 2869 “We
266 2808 407 2870 melitina
425 2806 467 2855 ‘ln
490 2805 613 2854 memoria
635 2805 681 2853 ribi
722 2807 804 2856 Nouia
822 2801 967 2854 Februariin
984 2796 1074 2856 edicit,
1091 2794 1158 2842 bunc
1176 2789 1244 2838 diem

153 2895 210 2931 eene
231 2882 299 2946 quod
320 2882 432 2934 Quintus
453 2881 559 2930 Catulus
578 2887 683 2930 curator
720 2883 876 2932 Februatnm
890 2868 1156 2940 appeunt-termam.

152 2958 309 3008 restituendi
324 2958 445 3022 Capitolii
463 2958 578 3019 dirimet,
591 2957 681 3004 vuluie·
754 2954 899 3006 Fednmriaa
909 2947 1007 3010 menia]
1023 2945 1108 2993 Varro
1119 2941 1164 3008 lib.
1177 2951 1201 2986 ιι.
1212 2935 1245 2984 de

149 3050 181 3085 ee
198 3051 226 3086 ee
244 3049 329 3084 aream
342 3035 514 3097 Capitolinam
527 3031 682 3094 deprimere,
722 3033 751 3082 L.
763 3033 793 3081 L.
821 3031 899 3078 ‘Rex
920 3039 979 3075 cnm
1001 3020 1079 3071 feriae
1101 3020 1245 3064 menstruae

151 3119 184 3162 ut
201 3111 320 3175 pluribna
340 3110 460 3174 gradibus
478 3109 504 3159 in
521 3109 602 3157 aedem
620 3121 680 3155 con·
706 3105 803 3180 'Nonio
822 3099 967 3153 Februariia
985 3093 1074 3148 edicit,
1091 3092 1158 3138 bunc
1177 3086 1245 3135 diem

150 3189 331 3250 recuderetur,
343 3197 527 3252 ertggeatnsque
546 3201 592 3249 pro
609 3183 681 3234 lasti·
721 3181 876 3230 Febrnntnm
898 3171 1020 3237 appellat.
1054 3166 1182 3217 Febrnnm
1202 3163 1246 3212 Sa·

153 3268 191 3332 gii
204 3265 378 3329 magnitudine
396 3265 469 3313 nitier
486 3261 626 3323 fieretred
643 3259 680 3309 sa·
721 3257 775 3306 bini
799 3258 1003 3319 purgamentum,
1024 3252 1050 3295 et
1072 3246 1098 3294 ln
1120 3244 1144 3292 id
1167 3243 1246 3292 aeccle

152 3333 214 3392 cere
233 3341 258 3390 id
274 3354 323 3389 nun
341 3342 433 3404 quiere,
445 3338 562 3404 quonlam
582 3335 679 3385 faviane
722 3331 813 3382 nostrie
830 3329 946 3389 uerbum,
962 3339 1021 3374 narn
1041 3329 1068 3370 et
1085 3317 1246 3382 Lupercalia,

152 3415 342 3481 impedierant!
353 3415 415 3466 Duc.
722 3407 870 3469 Febrnatin,
886 3411 916 3452 ut
934 3403 959 3450 in
977 3397 1159 3463 antiquitatum
1175 3394 1246 3442 libris

186 3500 199 3526 ⁰
217 3490 366 3554 Faustulum]
400 3489 568 3540 Fauatitetem
599 3489 680 3537 Deam
722 3478 911 3532 demonstravi.⁹
929 3475 1127 3538 Etpnnlopoatr
1145 3470 1246 3524 ‘Prion

153 3569 278 3620 colebant
288 3569 396 3616 Veteres
408 3567 624 3630 proincrementn
636 3578 680 3626 pe·
722 3575 737 3609 a
756 3558 878 3619 Principe
894 3549 1117 3612 Jano,Januariue
1134 3547 1247 3611 appella-

153 3647 238 3695 enrla:
265 3651 306 3704 nt,
322 3643 368 3691 ‘Si
384 3641 477 3692 ferun
497 3655 601 3704 gregem
622 3655 681 3702 aup·
722 3642 779 3684 tna:
798 3631 970 3695 posterior,ut
981 3625 1057 3675 iidem
1067 3624 1157 3673 dicunt
1167 3623 1248 3683 aerip-

154 3719 290 3786 plereritz'
308 3725 445 3783 propterea
460 3716 570 3764 'alutem
582 3715 681 3766 Fausti·
722 3718 803 3768 toret,
814 3706 846 3756 ab
859 3705 921 3754 Deir
934 3700 1023 3751 inferia
1039 3698 1192 3748 Februariae
1203 3710 1248 3757 up-

154 3793 478 3846 tetem'vncntllnrntiua.
490 3791 617 3844 rescat.
723 3785 844 3848 pellatur,
863 3778 931 3844 quod
956 3785 1009 3825 tnm
1030 3777 1067 3824 bie
1088 3779 1247 3836 parentetnr.

188 3870 343 3933 Faustulum]
359 3871 382 3919 A
394 3867 498 3928 iectura,
509 3881 567 3931 quae
580 3865 683 3929 proprie
723 3861 779 3921 Ego
790 3855 869 3918 magia
880 3853 991 3902 arbitror
1002 3849 1170 3900 Februarium
1182 3863 1197 3894 u
1205 3845 1247 3894 die

153 3947 285 3999 sauctitas.
312 3943 591 3996 Unrleettanrtitatem
601 3943 682 3989 Deum
724 3927 929 3992 februaro‚quod
945 3923 1147 3974 tumsebruatur
1167 3935 1247 3984 popu·

152 4025 277 4076 colebant
288 4023 408 4077 Veteres,
426 4019 520 4068 Horat.
531 4015 584 4065 od.
602 4021 626 4064 n.
639 4016 682 4064 lib.
722 4012 771 4065 lue,
786 4007 811 4056 id
831 4011 881 4066 eet,
898 4002 1009 4065 lupercis
1028 3999 1104 4047 nudie
1124 3995 1248 4047 lustrator

153 4115 195 4154 ιιι.
213 4107 221 4128 ·
235 4099 326 4148 Natrit
338 4111 395 4145 rura
406 4096 525 4145 careret
537 4093 603 4142 eima
615 4089 682 4140 seue·
723 4084 855 4148 antiquum
871 4077 993 4142 oppidum
1015 4073 1152 4136 Palatium,
1166 4073 1249 4135 gregi·

153 4173 239 4227 altae!
272 4172 349 4222 Hanc
360 4171 385 4219 in
397 4168 513 4219 necaturi
521 4167 633 4217 carmine
645 4165 682 4213 ric
721 4162 768 4209 bna
784 4152 915 4208 cinctam!
940 4153 982 4202 lle
993 4150 1089 4200 sebenia
1102 4151 1158 4200 vide
1170 4149 1249 4200 ovid.

151 4250 220 4302 mire
246 4245 366 4315 depinxit
393 4243 531 4300 linratiunr
557 4239 681 4295 'Fertille
719 4237 765 4287 lib.
777 4248 807 4286 ιι.
824 4234 894 4289 Fert.
906 4229 988 4280 initio.
1007 4227 1068 4279 uae.
