2980 4888
603 377 809 430 usurario.
1204 366 1247 432 13

162 534 385 620 antiquitatis,
399 553 445 600 ex
466 535 732 622 locupletissima
754 537 955 604 bibliotheca
975 540 1175 624 amplissimi
1188 544 1250 606 viri

165 635 319 701 Rainutii
333 636 484 703 Farnesii
500 637 701 734 cardinalis,
717 642 770 707 eni
791 647 924 725 propter
939 641 1135 725 singularem
1149 643 1252 708 bona-

163 755 238 801 rum
250 737 421 803 literarum
442 759 599 821 amorem,
613 743 845 826 ingeniumque
869 742 1077 827 praeclarum,
1092 749 1193 827 atquo
1214 745 1248 808 iu

164 843 306 921 ubsque
318 839 433 921 lingua
447 840 612 905 maximos
626 862 836 925 progressus,
852 849 886 907 et
906 863 972 908 non
993 845 1161 926 vulgarem
1175 863 1249 908 eru-

164 937 339 1018 ditionem,
353 958 375 1004 a
390 939 556 1014 Miobe‘e'le
571 943 679 1008 Siluio
694 943 864 1009 cardinali
881 963 925 1009 ex
940 951 1140 1010 testamento
1154 947 1250 1010 relio-

164 1045 233 1104 tum
248 1047 314 1105 est.
357 1039 398 1104 Iu
417 1041 480 1105 buc
495 1041 643 1108 editione
656 1048 801 1108 mumius
816 1050 868 1108 ast
882 1047 1053 1110 verborum
1069 1045 1150 1111 ordo
1164 1045 1250 1112 Ver·

163 1139 218 1218 rii,
233 1139 340 1218 Festi,
355 1146 390 1220 et
404 1139 524 1206 Pauli:
558 1150 598 1207 ut
612 1142 717 1209 lector
730 1141 875 1222 facssius,
892 1145 972 1228 quid
996 1144 1039 1209 de
1060 1165 1191 1232 quaque
1213 1168 1248 1212 re

164 1241 325 1324 scripturn
338 1241 393 1319 sit,
405 1242 560 1324 reperiat.
591 1240 625 1306 N
627 1261 682 1307 am
692 1241 847 1317 Veteres,
860 1245 1057 1338 nescioquo
1072 1245 1170 1311 modo
1184 1247 1250 1329 pri-

164 1359 254 1405 mam
267 1340 399 1407 literam
413 1340 579 1407 indicasse
596 1343 753 1420 conteuti,
768 1346 879 1410 omnia
893 1346 992 1411 verba
1006 1345 1049 1409 ab
1064 1345 1178 1408 eadem
1200 1346 1249 1409 in-

165 1442 290 1507 choata
302 1442 338 1507 in
349 1460 452 1506 uuum
467 1441 581 1507 locum
592 1443 820 1514 conferebant:
845 1446 948 1510 nostri
963 1444 1085 1509 melius
1099 1445 1250 1511 omnibus

164 1535 305 1628 syllabis
327 1542 477 1607 ordinem
501 1542 720 1609 adhibuerunt
737 1543 925 1609 literarum:
962 1546 1012 1610 ita
1032 1544 1132 1609 facile
1151 1547 1251 1611 verba

163 1645 334 1730 reperiam
356 1664 435 1729 quas
450 1649 560 1710 tamur
575 1643 605 1710 si
620 1645 729 1710 obiter
742 1644 832 1710 dicta
847 1647 925 1723 sint,
938 1655 1065 1729 praesto
1079 1647 1144 1710 erit
1157 1667 1250 1729 quoe·

163 1747 248 1812 renti
261 1746 363 1811 index
376 1746 484 1812 obiter
496 1744 670 1812 dictorum.
691 1745 826 1812 Divisio
841 1747 999 1812 librorum
1015 1745 1109 1810 Festi
1124 1747 1250 1814 omissa

161 1856 227 1922 est,
248 1853 422 1931 propterea
442 1847 533 1931 qnod
556 1865 609 1924 ea,
621 1865 723 1930 qnam
743 1843 854 1911 Aldus
877 1847 1035 1920 confecit,
1049 1854 1088 1910 ut
1111 1845 1251 1927 singulte

162 1947 270 2012 utere
283 1947 385 2012 libros
399 1947 549 2030 singulos
563 1947 766 2025 contineant,
783 1947 876 2014 Festi
889 1966 957 2012 non
971 1952 1044 2012 est:
1065 1965 1141 2010 narn
1153 1947 1186 2011 in
1198 1947 1251 2012 his
1279 2007 1283 2020 ,

161 2047 316 2132 pagellis,
326 2053 411 2131 quas
424 2047 611 2123 habuimus,
624 2048 709 2112 liber
722 2063 835 2113 xvrrr.
851 2055 887 2112 et
899 2049 984 2112 liber
993 2061 1080 2111 xtx.
1095 2049 1129 2111 in
1143 2048 1251 2114 medio

163 2151 352 2227 uerborum,
378 2167 455 2234 quas
476 2149 520 2212 ab
541 2148 577 2213 R
597 2156 633 2213 et
653 2148 677 2212 S
700 2147 906 2224 inchoantur,
929 2147 1103 2230 incipiunt.
1147 2148 1251 2214 Initio

165 2268 244 2315 roro
259 2248 291 2313 0
305 2250 409 2315 literae
434 2248 518 2313 liber
533 2264 615 2313 xvi.
636 2253 672 2313 et
691 2246 833 2326 initioQ
853 2247 934 2312 liber
957 2263 1054 2312 xvrr.
1076 2249 1251 2332 incipiunt,
1359 2239 1365 2248 '

164 2356 201 2416 ut
215 2369 261 2414 ex
278 2349 480 2435 quibusdam
501 2350 673 2415 literarum
694 2349 847 2431 uestigiis
869 2367 1046 2431 agnoscam
1069 2349 1250 2433 potuimus.

138 2449 145 2458 '
164 2447 292 2528 Verba,
306 2467 447 2533 quorum
460 2451 590 2516 initium
601 2455 655 2515 est
667 2450 698 2514 P
708 2451 816 2527 litera
827 2450 992 2514 credimus
1007 2451 1040 2513 iu
1052 2449 1136 2514 duos
1149 2451 1251 2515 libros

161 2547 272 2614 fuisse
287 2551 407 2616 diuisa
450 2549 613 2616 Ultimum
631 2552 752 2616 librum
767 2557 842 2615 ante
861 2549 960 2614 tinem
974 2550 1006 2613 Τ
1018 2550 1122 2615 litorea
1136 2549 1256 2620 meno.

164 2669 245 2717 asso
268 2651 476 2717 arbitramur.
517 2652 574 2718 Ita
586 2659 665 2718 ante
679 2650 710 2715 0
724 2651 854 2716 literam
868 2651 945 2715 libri
960 2666 1047 2714 xur.
1067 2651 1110 2714 ab
1125 2670 1167 2714 ea
1180 2653 1253 2717 lite·

164 2769 205 2816 ra
215 2751 262 2816 ad
276 2759 461 2816 amomum
474 2753 552 2817 libri
565 2757 706 2837 septem.
750 2751 817 2816 Sed
834 2759 870 2816 et
884 2751 1079 2816 Macrobius
1093 2751 1177 2816 libro
1194 2770 1251 2819 ru.
1327 2753 1330 2759 '

161 2851 277 2928 roten,
293 2850 427 2916 Festum
445 2852 623 2935 scripsisse
644 2852 703 2918 lib.
723 2867 812 2916 xrrr.
832 2851 874 2916 de
890 2853 1067 2918 verborum
1086 2852 1252 2935 ugnifica-

167 2951 335 3017 tionibus:
358 2953 437 3018 Mos
451 2960 505 3017 est
517 2955 699 3019 institutum
714 2953 872 3037 patrium,
886 2954 948 3016 lec.
993 2951 1079 3016 Herc
1101 2953 1182 3033 quia
1202 2956 1252 3016 ui-

166 3053 232 3116 mis
256 3051 382 3116 moeso
405 3058 493 3131 sunt,
519 3058 554 3116 et
581 3052 690 3118 minus
717 3053 824 3130 utilia,
854 3052 1139 3134 pretermisimus.
1183 3051 1251 3116 Sed

167 3151 246 3235 quia
266 3150 312 3216 ad
333 3169 453 3215 nauus
474 3162 605 3216 nostras
619 3171 684 3217 non
696 3156 915 3235 pervenerunt
928 3149 1040 3214 omnia
1055 3149 1151 3215 Festi
1164 3151 1251 3236 frag-

163 3257 288 3328 menta,
302 3255 416 3314 uotam
429 3249 622 3316 addidimus
643 3249 698 3328 iis,
708 3250 894 3334 quaeFesti
908 3269 983 3314 esse
998 3251 1251 3333 arbitrabamur,

166 3351 212 3416 ad
224 3367 271 3414 aa
284 3367 376 3425 vero,
390 3365 468 3431 quea
484 3351 609 3415 scimus
630 3350 706 3434 ejus
723 3369 814 3426 esse,
836 3368 1016 3430 cognomen
1033 3351 1107 3432 ejus
1122 3353 1250 3434 ascrip-

168 3451 283 3516 u'mus.
337 3445 536 3530 Reparatur
550 3449 614 3514 noo
634 3448 669 3512 iu
689 3447 741 3528 M,
756 3447 799 3526 Ο,
814 3447 855 3526 P,
871 3449 914 3524 Τ,
928 3447 961 3513 V
976 3448 1095 3513 literis.
1141 3448 1191 3514 Ea
1206 3471 1252 3515 ex
1308 3509 1314 3515 .

166 3547 250 3618 arui
263 3545 418 3614 etMasei
429 3548 526 3614 libris
540 3549 738 3614 sumsimus:
759 3549 796 3614 iu
811 3548 936 3632 quibus
950 3549 1074 3630 poterit
1094 3549 1167 3614 hese
1180 3551 1252 3616 edi·

168 3650 215 3714 tio
235 3649 280 3713 ab
303 3648 357 3723 iis,
373 3645 432 3730 qut
451 3665 512 3714 aas
537 3649 684 3730 pereum
702 3648 838 3726 habant,
855 3648 1059 3714 emendatior
1081 3649 1163 3713 fieri.
1205 3651 1252 3715 Fr

161 3749 327 3832 quonum
345 3743 480 3812 Verrius
502 3746 645 3812 Flaccus
660 3747 784 3831 primus
804 3747 904 3830 huius
925 3747 1038 3830 operis
1052 3752 1166 3812 auctor
1179 3748 1250 3826 suit,
1281 3739 1283 3744 ’

169 3865 390 3931 quaecumque
403 3846 476 3930 ejas
488 3865 591 3932 opera
605 3855 734 3927 extant,
749 3868 892 3938 qumque
904 3849 946 3914 de
965 3867 1006 3912 ao
1020 3848 1063 3911 ab
1078 3845 1250 3916 aliisresc

170 3955 293 4028 mutar,
313 3949 410 4015 initio
424 3947 674 4014 collocavimus.
