2980 4888
241 365 285 433 tt
610 381 649 428 u.
671 377 803 428 neem
828 377 961 430 rneoor

243 529 367 608 aperto,
393 529 428 586 et
447 522 597 598 breviter,
618 526 656 587 ut
677 523 796 598 eeiero,
814 511 943 605 eoripta
955 522 989 585 in
1002 521 1054 586 hie
1068 519 1163 586 lilrrie
1177 519 1262 585 meis
1276 519 1328 583 in·
1460 498 1467 559 ἰ

243 625 422 701 veniuntur,
438 624 680 689 inscribuntur:
697 622 920 688 Pereoonuu
937 637 1145 687 vnerouurr
1161 607 1241 685 eurr
1261 635 1329 684 nx·

246 741 393 790 nuruis.

287 824 432 904 Quatere
455 843 653 907 suspensum
673 831 709 888 et
733 824 878 890 vicinum
897 824 946 888 rai
961 823 1105 907 elionjuo
1119 829 1247 888 motum
1263 823 1329 904 sig·

244 925 372 990 nificat:
387 943 465 1001 non,
479 932 516 988 nt
533 923 668 988 Verrius
682 929 789 1008 putat,
804 925 913 1003 larue,
928 929 990 990 &a

287 1026 405 1092 Refert
418 1043 495 1106 oum
509 1023 661 1102 dicimus,
679 1043 788 1090 errare
810 1043 874 1091 noa
893 1027 941 1091 eit
961 1025 1120 1090 Verrius:
1144 1043 1221 1090 esee
1242 1023 1329 1089 οιιὶιιι

244 1136 368 1192 rectum
384 1125 448 1191 Rei
462 1125 534 1204 lert,
549 1130 609 1193 tec.
625 1127 685 1192 rod
699 1146 773 1191 esee
783 1126 856 1210 jem
870 1147 933 1192 usu
949 1145 1152 1210 pmseeanm.

288 1224 465 1309 Repagule
483 1232 572 1304 aunt,
593 1232 630 1290 ut
652 1226 789 1292 Verrius
810 1228 869 1305 ait,
889 1246 966 1312 quae
984 1226 1210 1311 patefaciundi
1224 1225 1330 1308 gratie

244 1329 293 1393 lte
307 1327 461 1408 figuntur,
476 1337 514 1390 ut
526 1345 570 1390 ex
581 1327 742 1392 oonuario
752 1345 831 1410 quae
842 1335 1083 1411 oppanguntur,
1096 1329 1158 1392 tre.

288 1426 503 1511 Repeetinari
528 1445 606 1508 ager
627 1427 659 1491 is
678 1426 810 1508 dieitur,
830 1436 866 1494 nt
880 1427 1020 1494 Verrius
1033 1430 1218 1505 existimet,
1230 1427 1329 1510 cujus

245 1533 362 1591 nutura
374 1531 515 1591 metatur
528 1526 697 1605 fodiendo,
711 1532 772 1592 tm.

290 1625 482 1709 Repudium
505 1625 641 1692 Verrius
665 1628 712 1695 eit
733 1629 870 1707 dietum,
893 1630 983 1714 quod
1004 1629 1042 1694 lit
1058 1631 1104 1694 ob
1117 1627 1187 1694 rein
1203 1627 1332 1711 puden·

247 1729 333 1803 dem,
348 1731 408 1792 tto.

289 1829 454 1912 Rhegium
469 1829 639 1912 appellere
658 1835 808 1912 oportere
828 1829 875 1894 eit
890 1828 1028 1895 Verrius
1047 1829 1081 1895 id
1101 1829 1331 1912 municipium,

247 1929 338 2012 qnod
352 1931 384 1993 iu
394 1930 477 1995 freto
492 1949 510 1993 e
525 1931 655 2014 regione
670 1929 795 1994 Siciliae
809 1935 871 2007 est,
885 1935 946 1996 &a

291 2027 480 2092 Romuliam
492 2030 625 2108 tribum,
640 2033 700 2094 tte.
714 2029 873 2095 iuvenisse
884 2032 932 2095 ait
946 2030 1084 2096 Verrius
1097 2029 1237 2109 vetitum,
1251 2035 1312 2095 tw.

290 2128 439 2194 Rusonm
455 2138 518 2209 eet,
532 2139 570 2195 ut
585 2133 633 2196 ait
646 2132 794 2208 Verrinr,
808 2135 953 2217 emplius
968 2133 1068 2217 paulo
1082 2131 1197 2208 herba,
1210 2137 1246 2196 et
1260 2131 1333 2195 exi-

247 2230 311 2294 lius
321 2231 483 2311 virgultis,
497 2234 558 2296 tuo.

291 2330 428 2396 Sacram
450 2332 540 2396 vium
560 2333 694 2416 quidam
720 2334 922 2417 appellatam
944 2353 1018 2399 esee
1048 2333 1251 2409 existiment,
1274 2334 1333 2397 &o

248 2451 310 2496 neo
324 2432 487 2515 appellari
502 2434 620 2498 debere
636 2435 683 2499 eit
697 2434 846 2512 Verrius,
869 2436 926 2499 sed
951 2435 1129 2519 disjuncte,
1151 2439 1189 2497 ut
1205 2439 1334 2497 ceterae

249 2533 322 2596 ries
339 2532 548 2612 Flaminium,
560 2531 718 2619 Appiam,
727 2534 897 2600 Latinum:
912 2543 950 2598 ut
964 2555 1005 2600 ne
1018 2553 1140 2600 novem
1154 2533 1245 2600 viem
1260 2532 1334 2616 qni·

249 2630 334 2710 dem,
349 2635 409 2696 luc.
600 2689 602 2694 ,

292 2732 438 2799 Salicem
447 2732 584 2802 Verrius
594 2738 725 2822 virgulti
738 2757 853 2822 genus,
866 2757 932 2804 non
946 2739 1086 2816 arboris,
1098 2737 1192 2813 dicit,
1205 2743 1241 2800 et
1254 2733 1335 2800 ridi-

250 2833 324 2897 oulo
337 2834 569 2919 interpretetur
579 2838 714 2916 dietum,
729 2840 819 2924 quod
835 2859 875 2904 ee
888 2839 1054 2904 celeritate
1068 2841 1209 2913 eresoet,
1230 2845 1269 2901 ut
1283 2853 1336 2900 ee·

249 2933 308 2997 lire
321 2933 483 3000 rideatur.

293 3035 443 3101 Setinum
458 3039 492 3102 in
512 3057 627 3103 mense
645 3059 706 3123 pro
728 3039 840 3123 equali
865 3038 1001 3104 solitum
1015 3057 1087 3104 esee
1101 3039 1179 3123 poni
1195 3039 1244 3104 eit
1258 3057 1335 3104 oum

250 3137 387 3218 patella,
403 3140 483 3221 quie
497 3139 577 3204 nihil
591 3141 682 3206 aliud
697 3141 741 3205 ait
752 3142 813 3220 sel,
824 3161 925 3225 quam
939 3159 1037 3224 eque.

293 3234 358 3298 Sea
368 3235 508 3302 Verrius
523 3248 621 3321 putat
634 3243 816 3323 siguificare
831 3263 899 3322 eea,
911 3248 1048 3306 auctore
1059 3240 1178 3319 Ennio,
1187 3243 1249 3306 lto.
1260 3259 1337 3306 oum

252 3353 331 3400 enea
345 3335 452 3420 magis
466 3338 615 3403 videatur
629 3342 822 3423 siguificare,
836 3348 898 3410 tto.

294 3437 386 3502 Setis
400 3441 539 3505 verbum
554 3440 671 3508 Verrio
686 3445 805 3511 melius
820 3447 884 3510 luit
898 3444 1077 3530 preterire,
1091 3451 1130 3508 nt
1148 3442 1227 3508 milri
1245 3441 1340 3507 ride-

252 3545 316 3615 tur,
331 3558 431 3621 quem
448 3549 515 3605 tem
531 3543 694 3610 absurdos
704 3549 882 3631 opiniones
893 3567 973 3612 suae
984 3545 1238 3622 deeoreoitere,
1250 3563 1338 3628 queo

252 3639 361 3703 rolens
376 3644 531 3723 praeterii,
547 3651 614 3709 tem
632 3645 809 3729 Hercules,
822 3669 922 3734 quem
938 3648 980 3713 de
993 3648 1121 3724 eoabro,
1133 3644 1223 3730 quod
1235 3663 1339 3728 prox·

251 3739 578 3826 imnmsequebatur.
1146 3739 1148 3742 ’

295 3841 445 3928 Screploe
459 3846 651 3914 dicebantur
663 3851 858 3934 nugatoriae,
873 3870 914 3916 ee
929 3847 1149 3932 despiciendae
1169 3845 1339 3923 mulieres,

252 3943 350 4008 nteit
364 3945 569 4026 Verriua,eb
584 3952 640 4030 iis,
656 3973 730 4037 qnae
745 3972 840 4018 soree
853 3952 956 4017 iidem
971 3949 1200 4033 appellebant,
1212 3952 1274 4013 tto.

294 4042 426 4110 scenae
450 4053 652 4119 vocabulum
678 4055 817 4122 Verrius
841 4052 1046 4138 ineptissime
1069 4056 1128 4114 aut
1150 4067 1194 4114 ax
1215 4047 1340 4114 Greeoo

252 4150 394 4211 trentam
410 4150 468 4227 eit,
491 4154 581 4235 quod
601 4177 644 4223 ex
660 4157 829 4246 repperitur,
844 4163 901 4223 ant
919 4150 1137 4239 esequendo,
1159 4150 1215 4218 cui
1231 4150 1340 4233 megin

252 4248 440 4328 assentitur,
454 4255 514 4318 &o
