2980 4888
216 355 260 422 26
585 365 626 415 ll.
645 362 778 414 vanati
802 365 932 416 abluet

220 558 223 572 .
258 511 394 578 Verriua
407 509 495 576 lacte
510 506 759 592 prorecticius

258 610 420 677 Nonnulli
441 609 645 694 synalepbaa
666 628 798 693 quoque
819 607 908 674 circa
929 605 1171 671 observandam
1193 605 1300 689 ncrip·

214 715 339 784 tionem
354 713 645 778 exiau'maveraut:
668 710 756 773 sicut
767 706 906 774 Verrius
921 706 1079 772 menna:
1100 711 1138 771 ut
1147 707 1298 770 ubicum-

214 831 281 900 que
295 814 402 897 prima
416 831 486 879 vox
501 811 539 876 ll
558 811 657 876 litera
670 809 829 888 liniretur,
844 827 991 893 sequena
1013 806 1160 872 arcuali
1174 807 1300 889 incipe·

213 921 274 993 ret,
290 913 329 980 Μ
344 933 409 980 nun
423 920 505 992 tcta,
519 912 580 978 aad
593 931 672 996 para
686 911 775 976 illius
789 911 882 996 prior
893 916 1018 977 tantum
1034 909 1245 985 scriberetur,
1260 909 1299 972 nt

215 1023 390 1100 appareret
404 1014 546 1099 exprimi
561 1031 628 1077 nun
643 1014 785 1079 debera-⁸

258 1114 416 1180 Manibus
437 1133 497 1198 par
518 1112 587 1178 duc
608 1112 627 1178 1
652 1111 839 1189 dicendum,
853 1111 933 1196 quia
953 1118 1030 1176 aunt
1044 1129 1066 1175 a
1078 1109 1247 1187 manibus,
1261 1113 1301 1174 nt

215 1222 315 1300 putat
327 1214 483 1282 Verrina:
507 1213 568 1278 ead
581 1217 614 1278 et
626 1211 795 1278 manubiae
809 1230 869 1296 per
881 1211 914 1276 V
927 1211 995 1276 dici
1008 1209 1171 1294 possunt*

256 1317 492 1388 Nomeuclutcr
510 1316 582 1380 aine
596 1310 631 1376 V
647 1313 782 1391 dicitur,
795 1318 833 1376 ut
849 1311 988 1378 Verrius
1008 1311 1067 1388 ait,
1081 1309 1175 1374 velut
1193 1311 1300 1374 numi·

211 1417 264 1484 nia
278 1418 433 1486 calator.n

255 1517 359 1582 Panis
375 1516 520 1598 genitivu
532 1517 653 1602 plurali
666 1533 788 1599 panem
804 1513 944 1579 Verrius
957 1513 1069 1578 dixit.l

255 1615 399 1684 Pelenta
420 1617 489 1684 dici
508 1619 603 1686 debet
621 1638 682 1702 per
695 1617 738 1694 0,
752 1614 849 1699 cujus
863 1615 912 1681 rei
925 1613 1063 1678 Verrius
1084 1611 1229 1677 Flaccus
1244 1631 1300 1677 ra-

213 1718 337 1786 tionem
352 1717 473 1796 reddit,
490 1719 580 1802 qnod
594 1737 656 1782 usu
671 1716 816 1781 omnium
830 1716 1008 1798 poliatur.w

255 1818 340 1912 (lum
354 1824 464 1884 autem
477 1817 558 1903 quid
571 1818 635 1882 boc
647 1821 700 1883 eat
710 1815 855 1881 beminis
868 1816 1039 1900 qnoeritur,
1052 1814 1174 1898 inquit,
1186 1812 1228 1880 de
1237 1813 1300 1878 ali·

212 1921 308 2001 cujua
323 1935 436 2000 quaero
450 1915 593 1982 beminis
608 1913 798 2000 qualitate*
819 1916 876 1999 qui
890 1935 1028 1982 neccsse
1044 1911 1119 1980 ait*
1140 1913 1194 1978 bic
1209 1933 1298 1980 maa-

214 2017 323 2084 culiue
337 2014 494 2081 dicendae
507 2022 568 2096 eat,
575 2023 622 2082 ut
635 2014 773 2082 Verrlue
788 2017 855 2082 ait:
880 2017 1036 2102 quoniam
1051 2020 1167 2080 neuba
1181 2015 1216 2080 in
1232 2012 1250 2078 l
1264 2021 1299 2080 et

211 2117 247 2182 in
261 2117 321 2183 VS
336 2135 405 2182 nnn
420 2124 572 2182 exeunt*

253 2215 312 2280 Sal
324 2221 437 2279 neubo
448 2234 565 2298 genere
579 2216 701 2282 Verrio
715 2218 812 2284 etiam
824 2220 977 2303 placuit.¹

213 2391 218 2410 ι
253 2315 438 2401 Porphyrii)
452 2335 495 2382 cx
511 2316 633 2384 Verrio
650 2323 684 2384 et
699 2317 815 2398 Fcatc,
830 2322 865 2386 in
880 2317 1107 2403 auguralibus,
1120 2317 1239 2401 iuquit,
1255 2318 1296 2384 li-

209 2418 341 2484 brisim
356 2423 418 2496 eat,
433 2432 532 2484 anun
545 2425 792 2495 suracuuuun.¹

147 2567 151 2578 .
251 2517 363 2586 Verrii
379 2518 491 2586 Flacci
502 2520 628 2606 acripta
642 2520 685 2585 ad
697 2519 760 2586 buc
774 2539 876 2603 genua
888 2520 1086 2603 quaestionis
1100 2520 1297 2603 pertinentia

209 2616 282 2686 bmc
301 2617 441 2684 inerunt.
484 2620 639 2686 Senatum
654 2619 722 2686 (lici
739 2626 773 2687 at
792 2639 853 2704 pru
866 2619 955 2698 locu,
970 2627 1002 2688 et
1020 2639 1082 2704 pro
1096 2619 1294 2698 bominibus,

209 2717 382 2785 civitatem
395 2725 429 2784 et
441 2739 502 2805 pru
511 2719 604 2800 leco,
620 2727 654 2786 et
667 2720 814 2805 oppido:
837 2724 871 2786 at
883 2740 944 2805 pro
952 2721 1029 2804 jura
1042 2739 1176 2805 qunque
1189 2719 1296 2786 bumi-

206 2835 298 2906 num,
312 2823 345 2882 et
359 2836 419 2901 pro
433 2819 604 2884 bominum
626 2820 853 2885 multitudine:
875 2822 979 2886 tribua
993 2839 1126 2905 queque
1145 2827 1179 2887 et
1191 2821 1295 2886 decu·

207 2917 274 2984 riae
286 2917 366 2998 diei,
375 2924 411 2984 at
421 2936 482 3001 pro
496 2919 583 2998 loco,
597 2927 632 2984 ct
645 2937 707 3002 pro
715 2920 806 3002 jure,
821 2927 855 2986 et
865 2940 927 3004 pro
936 2921 1146 2988 bominibua=
1163 2923 1294 2990 concic-

207 3035 285 3085 uem
299 3024 409 3086 autem
421 3019 484 3084 tria
499 3017 699 3101 siguificare,
711 3019 836 3099 lucum,
851 3027 1108 3108 suggestumque
1118 3023 1206 3091 unde
1218 3043 1294 3089 ver·

206 3119 395 3200 balianum
426 3122 504 3187 item
519 3121 837 3206 aipnilicarecoetum
849 3123 965 3207 populi
978 3125 1189 3206 amiatentiu3
1212 3126 1293 3190 item

208 3219 390 3284 arationem
405 3221 527 3302 ipsam,
541 3242 618 3305 qum
633 3223 678 3288 ad
692 3225 854 3308 pupulum
868 3222 1056 3290 beentur.-

247 3318 367 3386 Verrie
382 3317 505 3384 Flacco
521 3320 650 3386 videtur
670 3322 810 3388 eandem
830 3341 905 3388 eane
926 3326 1017 3409 apud
1035 3346 1099 3393 noa
1114 3325 1148 3391 V
1161 3327 1293 3392 literam

205 3441 282 3506 qnoe
296 3420 384 3505 apud
397 3420 539 3486 Graeca
552 3420 608 3503 Y;
627 3441 768 3506 namque
779 3423 833 3490 bie
847 3426 1014 3510 exemplis
1027 3435 1268 3512 argumentatur
1282 3449 1291 3492 ε

205 3521 296 3608 quud
308 3520 357 3585 illi
372 3521 490 3585 dicunt
508 3519 629 3602 κύμινον,
649 3540 712 3586 nna
730 3525 906 3603 cuminum,
926 3546 1027 3610 quam
1041 3527 1089 3594 illi
1104 3526 1287 3614 κυπάρισσον,

205 3643 267 3690 nus
282 3638 497 3705 cupresanm=
517 3622 569 3688 illi
584 3623 760 3709 κυβερνήτην,
781 3645 842 3690 noa
858 3627 1134 3709 gubernatorem:
1156 3647 1286 3696 necnon

238 3900 426 3954 'Execddib
798 3911 814 3936 ⁸¹
831 3902 940 3954 manu

236 3973 652 4044 ¹Eaveli01nngud00rtbeg.
799 3977 939 4029 ¹1rxooa.

235 4052 243 4083 ⁸
261 4049 300 4097 Ex
310 4049 409 4104 cuerit.
419 4053 463 4106 llb.
475 4069 495 4107 r.
798 4062 808 4096 t
826 4053 866 4102 Ea
877 4052 937 4103 eod.

847 4141 863 4174 ι

237 4124 305 4174 'lia
316 4123 373 4171 ced.
796 4135 807 4160 ⁸
874 4126 934 4177 aad.
945 4127 990 4176 lib·
1001 4141 1032 4178 u.

238 4196 374 4250 'meeu-
796 4127 863 4254 ¹lEia
877 4203 936 4256 (let.
947 4201 992 4256 tib.
1003 4215 1084 4254 artur.
1095 4216 1155 4267 cap.
1166 4207 1191 4254 t.
