2980 4888
271 346 316 412 ts
646 363 686 411 tr.
709 362 842 414 vassu
867 364 998 414 rusam

273 521 349 567 cnm
371 521 437 567 rem
453 507 578 586 gestam
602 503 730 568 senatui
754 504 950 584 nuntiasset,
972 505 1269 588 placuissevelari
1284 509 1365 574 loca

272 621 324 678 ea,
340 620 408 685 qua
421 619 547 686 pompa
562 601 758 668 veneretur:
781 609 882 688 atque
898 606 947 670 ita
969 610 1061 688 peste
1078 605 1193 672 sedata
1207 626 1363 690 puerum,

272 704 332 786 qni
356 704 587 787 antiquitatem
612 705 710 770 sortis
729 695 935 785 absolverat,
958 712 1045 790 togae
1065 711 1238 789 praetextas
1261 727 1364 774 usum

273 822 391 872 monus
406 805 662 890 impetravirtse.¹¹

390 1023 456 1100 M.
490 1023 676 1101 VERRH
715 1026 902 1104 FLAcct
941 1026 1237 1106 SATURNUS·

311 1181 645 1250 snroursnronun
657 1183 729 1250 dies
743 1188 835 1271 apud
847 1151 989 1256 (iuncos
999 1207 1136 1273 qnoque
1149 1187 1229 1254 testi
1238 1187 1364 1253 haban·

270 1291 348 1350 tur.⁰

313 1384 467 1451 Dilucide
491 1406 543 1451 me
572 1386 615 1452 de
637 1387 868 1456 constitutione
892 1389 1158 1456 saturnaliorum
1180 1389 1361 1474 scripsisse

272 1485 422 1551 arbitror.
1347 1485 1353 1492 ’

312 1583 381 1650 Gur
395 1591 504 1652 antem
516 1587 678 1656 Satnmns
691 1591 766 1674 ipse
780 1592 816 1656 in
830 1591 1045 1676 compedibus
1059 1592 1200 1672 visatur,
1219 1593 1361 1660 Verrius

274 1683 420 1752 Flaccus
431 1708 569 1755 causam
583 1709 620 1756 se
634 1692 784 1775 ignorare
800 1690 894 1757 dicit.

312 1803 382 1852 xit.
406 1787 484 1855 Kal.
498 1790 578 1856 Jan.
605 1790 696 1857 serim
718 1798 795 1858 sunt
815 1792 903 1858 divae
927 1791 1142 1876 Angerouiae,
1160 1793 1216 1858 cni
1238 1791 1360 1860 Ponti-

267 1887 347 1958 lices
373 1890 409 1952 in
430 1890 555 1956 sacello
577 1887 735 1976 Volupiae
761 1913 891 1959 sacrum
914 1895 1059 1960 famant:
1082 1915 1183 1979 quam
1213 1893 1358 1960 Verrius

268 1987 412 2056 Flaccus
428 1987 653 2073 Angeroniam
666 1992 731 2060 dici
754 1995 814 2072 nit,
828 1995 920 2080 quod
942 2012 1080 2079 angores
1101 2015 1143 2063 ac
1169 1995 1358 2062 animorum

264 2087 489 2156 solicitudines
503 2092 684 2176 propitiata
697 2093 852 2179 depellat

368 2475 374 2488 ’
550 2451 615 2526 Μ.
650 2449 837 2526 VERRII
878 2449 1068 2527 mccl

525 2611 590 2676 DE
611 2607 845 2676 onscmtls
869 2607 1089 2674 CATONIS.

711 2773 803 2840 LIB.
819 2775 851 2839 1.

712 2889 803 2955 LIB.
821 2889 870 2955 11.

308 2979 360 3096 lta¹
376 3048 418 3095 co
440 3027 536 3094 libro.
550 3023 713 3108 scriptum
728 3025 897 3092 inventum
919 3033 982 3104 est,
995 3025 1204 3109 receptitium
1220 3041 1351 3090 servum

264 3129 331 3194 dici
352 3132 555 3212 usquamst
576 3124 661 3189 nnlli
681 3124 789 3208 pretii,
802 3125 872 3208 qni,
894 3142 969 3190 cum
990 3143 1110 3191 uenum
1133 3131 1223 3190 esset
1237 3125 1352 3203 datus,
1477 3143 1478 3150 ¹

262 3227 447 3295 redhibitus
469 3227 513 3292 ob
544 3225 680 3310 aliquod
703 3225 832 3304 vitiam,
859 3233 1082 3314 receptusque
1107 3225 1163 3290 sit.
1208 3223 1354 3309 Propter
1476 3233 1477 3237 ’

263 3347 315 3406 ea,
335 3327 455 3412 iuquit,
486 3343 599 3392 semus
621 3325 785 3409 ejusmodi
806 3327 929 3390 sectari
949 3327 1116 3404 maritum,
1145 3330 1179 3391 et
1200 3324 1351 3408 llaffltare
1474 3389 1475 3414 ,

262 3431 436 3513 pecuniam
448 3425 641 3510 jubebatur:
661 3432 702 3498 ut
711 3443 754 3490 ao
769 3427 845 3508 ipso
861 3425 956 3492 dolor
969 3425 1084 3510 maJor,
1098 3435 1133 3492 et
1147 3426 1352 3491 contumelia

263 3529 396 3611 gravior
408 3529 481 3594 viro
496 3525 600 3605 lieret,
614 3524 705 3610 qnod
727 3545 804 3591 enm
826 3544 940 3592 servus
961 3525 1057 3590 nihili
1078 3525 1232 3609 petendu
1247 3546 1350 3612 pecn7
1472 3559 1473 3592 r

263 3628 332 3694 uite
358 3646 464 3693 cansa
485 3626 712 3710 compellaret.
757 3627 842 3692 Gnm
854 3647 940 3710 pace
959 3634 1082 3705 antem,
1096 3645 1237 3710 cumque
1249 3629 1350 3692 venia
1471 3669 1472 3680 κ

262 3731 417 3807 istorum,
433 3729 536 3812 siqui
558 3735 647 3806 sunt,
661 3727 720 3811 qni
732 3726 843 3802 Verrii
860 3727 977 3802 Flacci
1000 3728 1194 3794 auctoritate
1209 3727 1350 3812 capiun-
1470 3757 1471 3768 ¹

263 3836 328 3907 tur,
342 3829 466 3895 dictum
481 3827 545 3892 boc
560 3828 623 3892 sit:
644 3827 836 3909 receptitius
851 3829 936 3892 enim
952 3845 1068 3892 servus
1083 3827 1171 3891 inea
1184 3846 1230 3906 re,
1245 3848 1349 3911 quam
1469 3833 1470 3856 l

263 3929 348 3994 dicit
357 3929 455 4007 Cato,
470 3926 562 3993 aliud
577 3927 710 3992 omnino
722 3933 783 4005 est,
797 3945 898 4009 quam
912 3926 1048 3991 Verrius
1063 3928 1218 4010 scripsit.l

295 4074 495 4127 -axuurou
504 4075 549 4128 ru.
559 4090 579 4134 ι.
696 4051 700 4059 “
749 4111 777 4120 ..
826 4074 902 4125 run.

296 4149 389 4201 ’ilua
407 4159 435 4200 et
453 4162 525 4216 seqq.
543 4164 577 4201 aa
595 4147 712 4202 liceret.
731 4149 785 4202 Sat.
856 4149 926 4200 llis
937 4146 1246 4212 cett.ttt.xvrr.rap.a.
