3036 4890
326 374 374 424 nn
399 379 608 430 vnnnonnrr
632 381 939 437 arnnrnrcarronn
964 389 1034 439 arn.
1058 393 1109 440 vr.
1193 377 1260 446 269

170 512 353 582 Flaminius
369 519 551 590 Camillns⁰
571 547 653 610 puer
676 528 849 594 dicebatur
868 533 1028 614 ingenuus
1050 535 1210 617 patrimae
1224 543 1261 601 et

212 619 405 698 matrimes,8
420 626 477 706 qui
494 625 640 692 Flamini
656 630 750 694 Diali
773 632 816 696 ad
837 633 1002 696 sacrificia
1021 635 1258 718 praeministra·

211 719 289 784 bat:
309 723 437 808 antiqui
461 729 548 792 enim
569 731 737 796 ministros
755 734 907 799 camillos
923 734 1086 800 dicebant.
1129 736 1199 803 Alii
1210 739 1260 803 di·

212 826 290 883 cunt
306 843 418 889 omnes
433 848 553 910 pueros
571 833 771 916 abantiquis
787 833 937 900 camillos
952 837 1154 918 appellatae,
1169 842 1259 904 sicut

210 923 346 988 babetur
365 927 399 990 in
426 931 565 1014 antiquo
593 935 748 1010 carmine,
769 955 846 1000 curn
861 943 957 1018 pater
976 936 1047 1002 illio
1062 938 1103 1001 de
1118 941 1258 1020 agricul-

210 1027 283 1086 tura
298 1029 509 1110 praeciperet:
534 1031 687 1099 Hiberna
706 1036 855 1117 pulvere,
879 1055 978 1101 veruo
1009 1038 1093 1114 luto,
1119 1040 1258 1120 grandia

209 1122 309 1203 farra,
326 1129 478 1208 Camillo,
493 1141 611 1198 metes.

166 1225 354 1293 Flaminius
367 1233 479 1297 circus
494 1239 532 1322 et
542 1235 599 1298 vin
615 1234 840 1302 Flaminicis
856 1239 1018 1304 Flaminio
1034 1241 1171 1304 consule
1187 1240 1256 1304 dic·

209 1339 244 1394 ta
259 1338 343 1412 sunt,
356 1335 416 1416 qni
426 1335 469 1398 ab
478 1333 648 1401 Annibale
662 1337 857 1404 interfectus
875 1346 926 1404 est
944 1340 985 1404 ad
1002 1341 1114 1405 lacurn
1123 1341 1257 1404 Thrasi-

207 1453 348 1498 menum.

164 1533 353 1600 Flaminius
372 1538 488 1602 lictor'
515 1544 576 1616 est,
600 1542 658 1621 qni
682 1541 825 1605 Flamini
847 1541 939 1606 Diali
961 1559 1130 1608 sacrorum
1152 1561 1256 1607 causa

211 1645 334 1719 presto
349 1645 411 1704 cst.
1137 1642 1139 1646 ’

168 1733 306 1813 Flator,f
317 1740 454 1804 tibicen.

165 1835 336 1904 Flemina⁸
352 1843 519 1921 dicuntur,
536 1862 611 1906 cnm
626 1861 668 1906 cx
684 1842 798 1906 labore
813 1843 877 1906 vino
891 1844 1027 1926 sanguis
1039 1841 1155 1908 defluit
1167 1846 1255 1909 circa

207 1941 307 2004 talos.

618 2086 799 2108 neoneeuu
905 2093 911 2102 ¹

195 2223 212 2266 8
223 2217 274 2267 Alii
286 2217 347 2268 libb.
362 2221 479 2282 pmrimaa
488 2225 512 2268 el
523 2221 652 2270 rnutrimur.

659 2381 764 2433 NOTAE

137 2491 252 2564 'domna
279 2491 413 2553 Flaminia,
440 2493 566 2556 quomodo
594 2494 688 2542 dicitnr
729 2491 877 2549 Flaminino,
900 2492 942 2555 qni
961 2495 988 2540 et
1004 2489 1162 2553 Apollinaris
1175 2491 1207 2538 ab
1220 2490 1256 2540 A·

159 2569 167 2594 ‘
181 2566 323 2615 Flaminino
334 2566 474 2624 Camillua‚'
485 2575 513 2617 rt
531 2567 688 2616 ‘Flaminius
728 2569 829 2632 pollinis
850 2569 947 2629 lampio
965 2567 1048 2615 dictus
1060 2565 1092 2614 ab
1105 2564 1161 2613 arde
1171 2567 1256 2615 sancti

161 2640 257 2689 lictor!
298 2640 376 2704 Apud
395 2641 517 2691 Ovidium
539 2643 564 2690 in
588 2642 686 2691 Fastis:
729 2641 1029 2705 AngriiinPiscina,ad
1046 2655 1256 2705 comparansque

159 2716 246 2778 ‘lpse
264 2731 311 2778 rgo
330 2717 456 2768 Flaminia
476 2727 624 2782 poscentem
639 2719 687 2766 Fe·
731 2717 858 2781 Agoninm
881 2726 1025 2780 protensus.
1069 2715 1120 2764 Vla
1135 2715 1257 2764 Flaminia

162 2791 227 2839 brna
257 2791 317 2847 vidi.
346 2792 447 2841 Februa
474 2795 590 2857 poscenti
614 2793 691 2857 pinea
731 2807 779 2856 per
804 2793 945 2843 Hetrnacoa
981 2791 1099 2842 Arabium
1135 2790 1257 2842 ducebat.

161 2865 235 2926 virga
249 2863 312 2913 data
322 2865 379 2913 eat!
403 2867 537 2930 Flaminia,
548 2882 581 2916 cx
593 2867 690 2916 adibus
731 2869 806 2917 idem.

161 2939 293 2989 Flaminia.
338 2939 381 2989 Ita
402 2941 508 3004 legimus
529 2943 597 3004 apud
627 2941 689 2992 on·
761 2943 922 2993 ‘Flaminiar
941 2941 1022 3004 lictor]
1048 2941 1125 2990 llnnc
1147 2939 1257 2989 Ovidius

160 3013 243 3076 dium,
256 3029 303 3079 pro
315 3029 355 3075 ro,
369 3016 437 3079 quod
450 3015 524 3066 bodie
537 3015 689 3065 Flaminiam.
729 3018 850 3080 intelligit
873 3031 903 3067 rr.
926 3017 998 3065 Faat.
1026 3015 1162 3076 'Quaeque
1185 3014 1257 3077 capit

161 3089 246 3138 idem.
729 3093 806 3141 lictor
834 3092 951 3141 domibus
988 3091 1136 3152 purgamina
1168 3089 1257 3149 certia,

195 3165 322 3214 numnam
333 3164 407 3227 adea]
423 3164 548 3227 Scaliger,
562 3165 689 3227 Flaminia,
729 3165 839 3215 'l'orrida
861 3179 919 3214 cnm
946 3165 1012 3213 mica
1033 3163 1111 3218 farra,
1133 3171 1257 3214 reantur

160 3243 224 3289 adea
244 3239 359 3289 Fluminis
376 3239 465 3288 Dialia.
499 3239 616 3302 Optime,
633 3239 689 3289 Fia-
730 3241 816 3292 idam!
835 3243 909 3290 idem.
1009 3234 1014 3250 ¹

160 3317 239 3364 ariaia
249 3317 315 3365 anim
325 3316 442 3364 absolute
451 3315 595 3363 dicebatur.
611 3313 690 3364 Orid.
762 3315 773 3349 ¹
787 3314 882 3377 Fictor]
893 3313 1069 3366 Glossarium:
1085 3313 1093 3342 ⁸
1105 3313 1164 3362 Fial
1174 3313 1258 3377 flator,

162 3405 195 3440 rr.
207 3391 277 3439 Fast.
293 3397 301 3420 ⁴
313 3389 374 3454 lpse
385 3404 435 3454 ego
447 3388 572 3438 Flaminia
582 3403 690 3453 porcen·
729 3395 794 3460 φωᾷ
804 3391 925 3452 αὐλητής)
950 3391 1080 3442 Arnobiue
1089 3391 1156 3440 libro
1167 3405 1257 3440 agenn.

162 3473 216 3514 tem
240 3461 343 3515 Februa
363 3465 426 3528 ridi,
447 3465 548 3514 Februa
571 3465 689 3528 poscenti
729 3471 778 3521 do:
795 3470 897 3525 ‘'libia,
909 3468 1059 3530 calamoque
1071 3464 1182 3515 bantra'
1204 3467 1256 3516 Ve-

161 3543 240 3605 piura
260 3543 331 3606 virga
351 3543 411 3590 data
431 3541 490 3591 eat?
523 3541 607 3591 Pront
621 3543 688 3592 bunc
730 3552 799 3594 terea
811 3545 926 3594 Glanate:
945 3540 1081 3602 ‘aiamim
1096 3539 1182 3603 flator,
1198 3541 1257 3590 tibi-

161 3617 248 3667 locnrn
265 3617 380 3666 restitnit
398 3617 466 3666 idem
482 3617 614 3680 Scaliger:
632 3619 689 3668 Fla·
729 3619 849 3669 eluatur!
863 3621 916 3668 Joa.
928 3617 1007 3667 scon·
1036 3620 1038 3626 '

161 3692 248 3754 ninia,
268 3691 294 3740 id
316 3698 366 3754 eal,
384 3707 417 3742 aa
438 3691 535 3741 adibus
559 3693 690 3743 Flaminia.
762 3693 911 3755 aFleminu]
936 3691 1059 3741 Placidus
1084 3691 1109 3740 ln
1140 3690 1256 3739 Gloaaia:
1283 3711 1287 3720 ·

161 3768 225 3817 Dae.
586 3773 593 3786 '
729 3765 899 3821 ‘Flaminnm
916 3773 1024 3824 rentem,
1042 3765 1067 3812 in
1085 3777 1136 3826 qna
1155 3763 1257 3824 sanguia

194 3843 349 3893 ‘Flaminiar
360 3841 486 3904 Camillae]
498 3841 691 3892 Vida‘Camil·
731 3841 885 3891 ambulando
903 3841 930 3888 in
948 3839 1028 3902 peden
1048 3835 1157 3887 defluit!
1190 3837 1257 3887 Vide

162 3917 222 3967 lna.'
240 3919 314 3968 idm.
731 3914 797 3966 inira
809 3915 835 3964 in
847 3917 855 3943 ‘
865 3913 968 3962 'l'amar'
985 3919 1012 3962 et
1023 3925 1101 3975 aopra
1120 3912 1145 3960 in
1167 3913 1257 3962 ‘an'

196 3989 209 4026 ὖ
226 3993 360 4042 Fiaraiaiaa
377 3993 454 4042 eirena
468 3996 492 4041 et
507 3991 548 4039 oia
560 3989 691 4053 Flaminio]
733 3991 789 4042 Fal.
804 3991 885 4040 Ursis.

162 4066 231 4116 Livii
243 4069 350 4130 epitom.
368 4067 412 4117 lib.
425 4079 474 4116 xx.
491 4068 499 4095 ‘
513 4065 542 4115 C·
552 4065 692 4114 Flaminino
766 4063 885 4126 blentina]
897 4063 996 4126 Caper:
1010 4056 1144 4113 ‘Flemina
1154 4069 1203 4119 cat,
1213 4064 1258 4114 nbi

163 4145 265 4194 Censor
284 4145 349 4193 viam
364 4143 514 4193 Flaminiam
532 4143 649 4203 munivit,
666 4149 693 4192 at
733 4141 865 4190 abundant
886 4152 962 4188 crura
979 4138 1120 4201 sanguine!
1152 4139 1258 4190 Voaalua

165 4220 264 4268 circum
277 4219 429 4269 Flaminium
441 4217 586 4269 exurrexit!
604 4217 692 4267 Circus
733 4217 838 4267 deducit
861 4232 876 4265 a
897 4213 1030 4277 attenuari,
1052 4213 1079 4262 id
1095 4222 1143 4271 cat,
1165 4222 1257 4266 trrmor.
