2980 4888
498 374 654 424 nrcomr
675 373 884 424 rnmsa'rro.
1203 366 1226 426 5

137 517 289 606 politicae
315 519 417 600 quum
444 515 524 580 belli
553 516 678 582 artibus
703 517 993 599 regoncoustare,
1022 535 1120 582 suum
1145 537 1224 585 esse

139 617 248 696 duxit,
261 624 427 702 qnantum
447 616 584 700 Imperii
608 618 661 682 sui
686 617 845 683 terminos
871 617 1077 700 protulisset,
1098 623 1225 686 tanum

140 720 241 784 etiam
256 737 452 806 promovere
468 724 557 783 artes
570 717 739 801 politicas.
783 717 937 802 Illudque
951 719 994 784 ab
1009 738 1050 783 eo
1070 721 1119 786 ita
1139 742 1225 803 prm·

140 819 258 884 stitnrn
282 825 346 896 est,
369 827 409 884 nt
423 817 568 884 dubitari
592 817 702 900 possit
718 817 840 902 plusne
854 819 1027 886 industrie
1043 821 1075 884 ei
1094 821 1227 886 coronis

140 919 317 984 nectendis
337 919 516 984 adhibeant
537 918 641 996 Mars,
656 919 781 997 Pallas,
796 919 902 1003 Enyo,
918 921 1146 1006 bellipotentia
1166 908 1226 988 itti

139 1021 289 1099 numina,
303 1040 345 1085 an
358 1020 484 1104 Apollo
499 1022 575 1104 ipse
590 1021 765 1103 omnisque
780 1019 951 1086 Musarum
966 1021 1097 1088 chorus.

183 1121 252 1186 His
272 1121 402 1187 accolit
423 1123 534 1196 etiam,
549 1120 638 1204 qnod
660 1122 712 1186 sic
737 1140 815 1186 rere
837 1129 1009 1204 paternum
1023 1124 1057 1186 iu
1071 1123 1225 1190 subditos

139 1224 287 1288 animum
309 1243 344 1287 se
371 1225 485 1288 testmi
499 1215 609 1307 ‘posse
631 1223 761 1306 putavit
780 1221 856 1288 Rex
882 1223 1050 1306 Optimus,
1071 1224 1103 1290 si
1116 1226 1225 1291 eisnd

138 1323 254 1390 liturus
268 1325 317 1388 ito
335 1324 425 1388 vium
448 1325 601 1402 muniret,
623 1327 659 1387 ut
681 1323 739 1407 qui
763 1324 798 1388 in
819 1343 856 1388 ro
882 1325 1076 1390 tenuissima
1101 1333 1225 1405 essent,

138 1424 352 1490 nihilominus
365 1424 420 1491 vel
433 1425 569 1490 minimo
580 1432 693 1490 sumtu
704 1426 803 1508 regiae
814 1425 1031 1492 institutionis
1044 1427 1224 1512 participes

138 1546 214 1591 esse
225 1533 371 1612 possem.

181 1627 274 1694 Haec
295 1633 384 1706 sunt,
408 1628 540 1706 lector,
555 1647 630 1712 qnae
657 1636 765 1694 tecum
788 1629 1032 1696 communiente
1055 1630 1224 1714 oportuit:

137 1749 226 1794 nnnc
241 1729 285 1794 do
300 1729 404 1794 Festo
419 1730 584 1814 Pompeio
598 1739 634 1796 et
647 1730 751 1796 hocce
769 1749 845 1796 meo
867 1731 1022 1796 instituto
1044 1731 1154 1797 dicere
1168 1749 1223 1814 ag·

137 1831 278 1912 gradiar,
292 1832 323 1896 si
333 1832 425 1916 prins
440 1832 565 1915 aliquid
580 1832 623 1896 de
639 1831 756 1896 Verrio
770 1831 902 1897 dixero.

179 1931 236 1996 Ex
260 1932 420 1997 Suetonio
443 1931 602 1996 discimus
618 1930 770 1996 Murcum
784 1931 936 1998 Verrium
952 1930 1112 1998 Flaccum
1129 1931 1225 1997 nobi·
1342 1995 1349 2012 ,

136 2033 305 2097 Ιίεεὶωιωι
318 2032 569 2114 grammaticum
584 2033 647 2098 sub
661 2029 812 2114 Augusto
830 2032 996 2110 floruisse,
1018 2034 1155 2126 ejusque
1169 2053 1225 2098 no·

137 2135 276 2217 potibus
301 2140 535 2218 praeceptorem
555 2135 700 2199 eloctum
713 2133 748 2198 in
763 2134 889 2217 palatio
903 2133 1067 2199 docuisse
1112 2133 1227 2199 Multo

137 2237 334 2319 scripserat3
346 2238 491 2302 citantur
500 2236 588 2301 enim
600 2235 674 2320 ojus
685 2236 761 2301 libri
775 2255 878 2298 rerum
890 2235 1034 2299 memmio
1047 2232 1226 2322 dignorum,

138 2335 191 2400 De
217 2337 349 2402 noenu
373 2335 510 2418 Catonia,
536 2336 586 2403 lle
610 2336 771 2402 uerborum
802 2336 1036 2422 significatione,
1060 2333 1223 2421 Epistola,

139 2436 301 2513 Carmina,
315 2443 347 2504 et
361 2439 429 2506 aliu
443 2441 557 2505 multa.
601 2439 669 2505 Sed
684 2457 797 2503 eorum
819 2439 998 2523 fragmento
1011 2437 1165 2522 quaedum
1179 2437 1225 2502 ad

137 2559 201 2604 nos
231 2545 451 2622 pervenerunt
479 2560 555 2624 quae
584 2539 675 2606 sitim
698 2546 830 2605 tontum
855 2544 998 2604 nostrum
1024 2537 1224 2605 accendunt.

138 2643 212 2707 Soli
225 2641 267 2706 de
278 2641 447 2706 verborum
459 2641 703 2724 significatione
717 2641 792 2706 libri
806 2641 998 2723 integriores
1009 2641 1131 2706 serrati
1146 2649 1226 2706 sunt

137 2763 217 2809 cora
229 2743 387 2826 Pompeii
404 2743 508 2820 Festi,
520 2745 579 2828 qni
593 2763 706 2808 eornm
718 2743 887 2826 epitomen
899 2742 989 2808 fecit·
1119 2777 1124 2785 ·

179 2845 276 2909 Sexti
293 2845 436 2930 Pompei
460 2847 552 2910 Festi
567 2851 704 2910 aetotem
717 2844 878 2908 incertum
891 2849 1012 2928 putant
1026 2842 1088 2910 viri
1100 2843 1226 2909 doctis·

137 2947 225 3026 simi,
247 2949 308 3030 qni
332 2953 365 3014 et
386 2966 462 3012 eum
487 2949 594 3013 multo
621 2947 839 3031 antiquiorem
862 2944 1000 3023 iaciunt,
1025 2963 1126 3027 quum
1148 2944 1225 3012 init.

137 3047 204 3112 Sed
221 3049 476 3114 Eruditissimus
488 3048 635 3141 Vossius
649 3069 725 3114 enm
751 3048 815 3113 sub
840 3047 1098 3130 Imperatoribus
1112 3043 1225 3110 Cirris-

137 3147 239 3214 tianis
253 3151 383 3216 vixisse
396 3170 473 3216 rere
487 3153 630 3236 conjecit
651 3169 696 3216 ex
716 3149 865 3234 ejusdem
882 3146 991 3211 verbis
1006 3146 1040 3210 in
1054 3165 1225 3229 supparus:

136 3269 212 3316 cnm
234 3253 322 3316 enirn
346 3251 439 3318 dicat
464 3271 632 3336 supparos
656 3250 817 3336 appellari
839 3247 915 3314 velo
936 3249 1025 3314 lineo
1043 3248 1079 3312 in
1092 3265 1225 3312 crucem

138 3371 304 3436 expansa,
325 3352 401 3418 iude
421 3361 511 3419 recte
535 3355 696 3437 colligitur
720 3373 796 3418 eum
820 3351 863 3416 iis
887 3349 1096 3433 temporibus
1109 3357 1225 3413 natum

137 3456 259 3538 quibus
274 3473 372 3519 sacra
386 3473 472 3519 crux
486 3455 519 3519 iu
533 3457 654 3524 honore
668 3455 783 3520 habita
797 3461 862 3518 est.
891 3451 990 3517 Gerte
1000 3449 1147 3515 dubitari
1158 3468 1224 3514 non

136 3565 252 3638 potest
266 3555 345 3639 quin
360 3562 438 3637 post
453 3555 640 3622 Martialem
655 3564 687 3622 ot
699 3556 837 3622 Canium
849 3554 982 3630 vixerit,
993 3571 1069 3617 cnm
1078 3569 1137 3615 eos
1150 3550 1224 3615 lou·

136 3655 202 3721 dot.
248 3655 319 3720 His
344 3659 542 3740 argumentis
564 3659 699 3724 ulterum
723 3657 800 3722 addi
822 3661 941 3740 potest,
968 3653 1106 3717 Festum
1120 3652 1224 3715 Pom·

137 3757 247 3839 poium
261 3777 284 3823 a
294 3759 385 3823 nullo
402 3768 533 3824 auctme
549 3761 644 3826 citari
659 3761 717 3844 qui
733 3767 810 3825 anto
824 3778 866 3825 eu
879 3763 1029 3839 tempora
1044 3752 1224 3834 scripserit.

137 3856 207 3922 Hie
221 3855 332 3924 Verrii
340 3861 382 3925 do
395 3862 571 3927 verborum
587 3861 833 3944 significatione
847 3859 952 3924 libros
966 3851 1140 3929 breviavit,
1161 3852 1226 3918 ibi·

136 3977 201 4040 qne
224 3959 437 4026 intermortua
458 3967 492 4026 et
516 3963 651 4046 sepulto
664 3964 768 4028 verbs
791 3959 962 4046 praeteriit.
1005 3953 1097 4019 Cave
1112 3960 1224 4019 tumen

137 4061 220 4124 istos
234 4058 273 4124 de
286 4059 448 4127 nemorum
460 4063 684 4150 significatione
697 4059 801 4129 libros
814 4061 948 4128 eosdem
959 4077 1036 4124 esse
1050 4055 1167 4124 credas
1182 4075 1225 4123 ao

136 4164 271 4246 eosqui
292 4163 449 4232 dicuntur
466 4167 634 4251 priscorum
654 4154 816 4232 uerborm
836 4185 907 4229 cum
925 4157 1079 4246 eouuplr'r.
1120 4158 1224 4226 Viros

139 4261 257 4328 doctos
272 4265 331 4348 qui
346 4267 394 4332 itu
407 4267 641 4336 existimarunt
656 4271 689 4336 in
702 4286 844 4336 errorent
854 4265 988 4332 induxit
998 4263 1052 4329 ltic
1064 4256 1157 4328 Festi
1171 4263 1223 4328 lo-
