<?xml version="1.0" encoding="UTF-8"?>
<!DOCTYPE html PUBLIC "-//W3C//DTD XHTML 1.0 Transitional//EN"
    "http://www.w3.org/TR/xhtml1/DTD/xhtml1-transitional.dtd">
<html xmlns="http://www.w3.org/1999/xhtml" xml:lang="en" lang="en">
 <head>
  <title>
</title>
<meta http-equiv="Content-Type" content="text/html;charset=utf-8" />
  <meta name='ocr-system' content='tesseract 3.04.00' />
  <meta name='ocr-capabilities' content='ocr_page ocr_carea ocr_par ocr_line ocrx_word'/>
</head>
<body>
  <div class='ocr_page' id='page_1' title='image "./mverriiflacciqu01flacgoog/mverriiflacciqu01flacgoog_0510.png"; bbox 0 0 2984 4892; ppageno 0'>
   <div class='ocr_carea' id='block_1_1' title="bbox 293 418 1230 482">
    <p class='ocr_par' dir='ltr' id='par_1_1' title="bbox 293 418 1230 482">
     <span class='ocr_line' id='line_1_1' title="bbox 293 418 1230 482; baseline 0.002 -3"><span class='ocrx_word' id='word_1_1' title='bbox 293 433 339 481; x_wconf 85' lang='lat' dir='ltr'><strong>nn</strong></span> <span class='ocrx_word' id='word_1_2' title='bbox 362 433 563 482; x_wconf 84' lang='lat' dir='ltr'><strong>vennonuu</strong></span> <span class='ocrx_word' id='word_1_3' title='bbox 588 433 894 482; x_wconf 79' lang='lat' dir='ltr'><strong>sreurnrornrorrn</strong></span> <span class='ocrx_word' id='word_1_4' title='bbox 919 434 988 482; x_wconf 82' lang='lat' dir='ltr'><strong>nrn.</strong></span> <span class='ocrx_word' id='word_1_5' title='bbox 1013 434 1082 482; x_wconf 89' lang='lat' dir='ltr'><strong>xn.</strong></span> <span class='ocrx_word' id='word_1_6' title='bbox 1167 418 1230 482; x_wconf 84' lang='lat'><strong>501</strong></span> 
     </span>
    </p>
   </div>
   <div class='ocr_carea' id='block_1_2' title="bbox 136 575 1235 2488">
    <p class='ocr_par' dir='ltr' id='par_1_2' title="bbox 186 575 1232 1249">
     <span class='ocr_line' id='line_1_2' title="bbox 190 575 1230 661; baseline 0.001 -21"><span class='ocrx_word' id='word_1_7' title='bbox 190 582 252 649; x_wconf 87' lang='lat' dir='ltr'><strong>tur,</strong></span> <span class='ocrx_word' id='word_1_8' title='bbox 267 595 343 660; x_wconf 84' lang='lat' dir='ltr'><strong>quoe</strong></span> <span class='ocrx_word' id='word_1_9' title='bbox 359 575 536 654; x_wconf 79' lang='lat' dir='ltr'>Consules,</span> <span class='ocrx_word' id='word_1_10' title='bbox 557 575 737 652; x_wconf 71' lang='lat' dir='ltr'><strong>Praetores,</strong></span> <span class='ocrx_word' id='word_1_11' title='bbox 767 595 844 640; x_wconf 88' lang='lat' dir='ltr'><strong>curn</strong></span> <span class='ocrx_word' id='word_1_12' title='bbox 868 577 903 640; x_wconf 91' lang='lat' dir='ltr'><strong>in</strong></span> <span class='ocrx_word' id='word_1_13' title='bbox 929 577 1139 659; x_wconf 84' lang='lat' dir='ltr'><strong>provinciam</strong></span> <span class='ocrx_word' id='word_1_14' title='bbox 1154 597 1230 661; x_wconf 93' lang='lat' dir='ltr'><strong>pro-</strong></span> 
     </span>
     <span class='ocr_line' id='line_1_3' title="bbox 187 675 1230 759; baseline 0.003 -21"><span class='ocrx_word' id='word_1_15' title='bbox 187 675 391 754; x_wconf 89' lang='lat' dir='ltr'><strong>ficiscuntur,</strong></span> <span class='ocrx_word' id='word_1_16' title='bbox 405 677 546 756; x_wconf 81' lang='lat' dir='ltr'><strong>iaciunt3</strong></span> <span class='ocrx_word' id='word_1_17' title='bbox 560 697 600 740; x_wconf 85' lang='lat' dir='ltr'><strong>oa</strong></span> <span class='ocrx_word' id='word_1_18' title='bbox 621 678 654 740; x_wconf 92' lang='lat' dir='ltr'><strong>in</strong></span> <span class='ocrx_word' id='word_1_19' title='bbox 670 676 801 741; x_wconf 90' lang='lat' dir='ltr'><strong>tabulas</strong></span> <span class='ocrx_word' id='word_1_20' title='bbox 816 679 1039 759; x_wconf 86' lang='lat' dir='ltr'><strong>praesentibus</strong></span> <span class='ocrx_word' id='word_1_21' title='bbox 1054 679 1164 741; x_wconf 88' lang='lat' dir='ltr'><strong>mullis</strong></span> <span class='ocrx_word' id='word_1_22' title='bbox 1179 697 1230 741; x_wconf 89' lang='lat' dir='ltr'><strong>re·</strong></span> 
     </span>
     <span class='ocr_line' id='line_1_4' title="bbox 187 777 1230 863; baseline 0.001 -22"><span class='ocrx_word' id='word_1_23' title='bbox 187 777 347 842; x_wconf 80' lang='lat' dir='ltr'><strong>feruntur.</strong></span> <span class='ocrx_word' id='word_1_24' title='bbox 389 777 436 841; x_wconf 87' lang='lat' dir='ltr'><strong>At</strong></span> <span class='ocrx_word' id='word_1_25' title='bbox 449 777 568 843; x_wconf 83' lang='lat' dir='ltr'><strong>Santra</strong></span> <span class='ocrx_word' id='word_1_26' title='bbox 582 779 664 842; x_wconf 91' lang='lat' dir='ltr'><strong>libro</strong></span> <span class='ocrx_word' id='word_1_27' title='bbox 679 778 825 842; x_wconf 84' lang='lat' dir='ltr'><strong>secundo</strong></span> <span class='ocrx_word' id='word_1_28' title='bbox 841 779 882 843; x_wconf 90' lang='lat' dir='ltr'><strong>de</strong></span> <span class='ocrx_word' id='word_1_29' title='bbox 896 781 1070 844; x_wconf 86' lang='lat' dir='ltr'><strong>verborum</strong></span> <span class='ocrx_word' id='word_1_30' title='bbox 1087 781 1230 863; x_wconf 89' lang='lat' dir='ltr'><strong>antiqui-</strong></span> 
     </span>
     <span class='ocr_line' id='line_1_5' title="bbox 186 880 1231 963; baseline 0.004 -23"><span class='ocrx_word' id='word_1_31' title='bbox 186 885 255 942; x_wconf 84' lang='lat' dir='ltr'><strong>tate</strong></span> <span class='ocrx_word' id='word_1_32' title='bbox 269 881 350 944; x_wconf 86' lang='lat' dir='ltr'><strong>setis</strong></span> <span class='ocrx_word' id='word_1_33' title='bbox 364 880 477 944; x_wconf 88' lang='lat' dir='ltr'><strong>multis</strong></span> <span class='ocrx_word' id='word_1_34' title='bbox 488 887 680 963; x_wconf 88' lang='lat' dir='ltr'><strong>nuncupata</strong></span> <span class='ocrx_word' id='word_1_35' title='bbox 696 881 833 962; x_wconf 82' lang='lat' dir='ltr'><strong>conligit</strong></span> <span class='ocrx_word' id='word_1_36' title='bbox 843 899 906 944; x_wconf 91' lang='lat' dir='ltr'><strong>non</strong></span> <span class='ocrx_word' id='word_1_37' title='bbox 919 880 1049 944; x_wconf 90' lang='lat' dir='ltr'><strong>derecto</strong></span> <span class='ocrx_word' id='word_1_38' title='bbox 1063 883 1231 944; x_wconf 84' lang='lat' dir='ltr'><strong>nominata</strong></span> 
     </span>
     <span class='ocr_line' id='line_1_6' title="bbox 187 979 1232 1066; baseline 0.003 -25"><span class='ocrx_word' id='word_1_39' title='bbox 187 979 384 1060; x_wconf 82' lang='lat' dir='ltr'><strong>significare,</strong></span> <span class='ocrx_word' id='word_1_40' title='bbox 398 981 457 1046; x_wconf 90' lang='lat' dir='ltr'><strong>sed</strong></span> <span class='ocrx_word' id='word_1_41' title='bbox 485 981 661 1064; x_wconf 87' lang='lat' dir='ltr'><strong>promissa,</strong></span> <span class='ocrx_word' id='word_1_42' title='bbox 691 989 727 1046; x_wconf 89' lang='lat' dir='ltr'><strong>et</strong></span> <span class='ocrx_word' id='word_1_43' title='bbox 753 983 853 1066; x_wconf 83' lang='lat' dir='ltr'><strong>quasi</strong></span> <span class='ocrx_word' id='word_1_44' title='bbox 882 981 1072 1054; x_wconf 83' lang='lat' dir='ltr'><strong>testificata,</strong></span> <span class='ocrx_word' id='word_1_45' title='bbox 1102 983 1232 1046; x_wconf 90' lang='lat' dir='ltr'><strong>circun-</strong></span> 
     </span>
     <span class='ocr_line' id='line_1_7' title="bbox 187 1083 1231 1168; baseline 0.005 -27"><span class='ocrx_word' id='word_1_46' title='bbox 187 1083 326 1165; x_wconf 80' lang='lat' dir='ltr'><strong>scripta,</strong></span> <span class='ocrx_word' id='word_1_47' title='bbox 352 1089 548 1168; x_wconf 91' lang='lat' dir='ltr'><strong>receptaqne</strong></span> <span class='ocrx_word' id='word_1_48' title='bbox 572 1087 699 1149; x_wconf 87' lang='lat' dir='ltr'><strong>etiam⁹</strong></span> <span class='ocrx_word' id='word_1_49' title='bbox 722 1085 757 1148; x_wconf 93' lang='lat' dir='ltr'><strong>in</strong></span> <span class='ocrx_word' id='word_1_50' title='bbox 785 1085 873 1148; x_wconf 87' lang='lat' dir='ltr'><strong>votis</strong></span> <span class='ocrx_word' id='word_1_51' title='bbox 900 1083 1128 1165; x_wconf 80' lang='lat' dir='ltr'><strong>nuncupandis</strong></span> <span class='ocrx_word' id='word_1_52' title='bbox 1156 1102 1231 1146; x_wconf 90' lang='lat' dir='ltr'><strong>esse</strong></span> 
     </span>
     <span class='ocr_line' id='line_1_8' title="bbox 190 1185 455 1249; baseline 0.019 -5"><span class='ocrx_word' id='word_1_53' title='bbox 190 1185 455 1249; x_wconf 88' lang='lat' dir='ltr'><strong>convenientius.</strong></span> 
     </span>
    </p>

    <p class='ocr_par' dir='ltr' id='par_1_3' title="bbox 136 1283 1233 1678">
     <span class='ocr_line' id='line_1_9' title="bbox 136 1283 1233 1368; baseline -0.004 -18"><span class='ocrx_word' id='word_1_54' title='bbox 136 1285 394 1352; x_wconf 70' lang='lat' dir='ltr'><strong>Nundinalemy</strong></span> <span class='ocrx_word' id='word_1_55' title='bbox 417 1307 537 1368; x_wconf 66' lang='lat' dir='ltr'><strong>cocunt</strong></span> <span class='ocrx_word' id='word_1_56' title='bbox 551 1286 684 1352; x_wconf 81' lang='lat' dir='ltr'><strong>Plautus</strong></span> <span class='ocrx_word' id='word_1_57' title='bbox 706 1285 786 1350; x_wconf 78' lang='lat' dir='ltr'><strong>dicit</strong></span> <span class='ocrx_word' id='word_1_58' title='bbox 799 1286 833 1350; x_wconf 85' lang='lat' dir='ltr'><strong>iu</strong></span> <span class='ocrx_word' id='word_1_59' title='bbox 850 1285 1028 1364; x_wconf 76' lang='lat' dir='ltr'><strong>Aulularia,</strong></span> <span class='ocrx_word' id='word_1_60' title='bbox 1043 1283 1140 1348; x_wconf 80' lang='lat' dir='ltr'><strong>Cocus</strong></span> <span class='ocrx_word' id='word_1_61' title='bbox 1155 1305 1233 1347; x_wconf 82' lang='lat' dir='ltr'><strong>uun-</strong></span> 
     </span>
     <span class='ocr_line' id='line_1_10' title="bbox 189 1387 1233 1467; baseline -0.001 -16"><span class='ocrx_word' id='word_1_62' title='bbox 189 1387 312 1452; x_wconf 83' lang='lat' dir='ltr'><strong>dinalis</strong></span> <span class='ocrx_word' id='word_1_63' title='bbox 335 1389 391 1452; x_wconf 88' lang='lat' dir='ltr'><strong>ille</strong></span> <span class='ocrx_word' id='word_1_64' title='bbox 413 1398 477 1466; x_wconf 88' lang='lat' dir='ltr'><strong>est,</strong></span> <span class='ocrx_word' id='word_1_65' title='bbox 498 1391 534 1454; x_wconf 92' lang='lat' dir='ltr'><strong>in</strong></span> <span class='ocrx_word' id='word_1_66' title='bbox 555 1410 668 1452; x_wconf 82' lang='lat' dir='ltr'><strong>uorrum</strong></span> <span class='ocrx_word' id='word_1_67' title='bbox 683 1387 762 1452; x_wconf 86' lang='lat' dir='ltr'><strong>diem</strong></span> <span class='ocrx_word' id='word_1_68' title='bbox 773 1397 800 1427; x_wconf 80' lang='lat'><strong>¹⁰</strong></span> <span class='ocrx_word' id='word_1_69' title='bbox 823 1388 896 1452; x_wconf 83' lang='lat' dir='ltr'><strong>solet</strong></span> <span class='ocrx_word' id='word_1_70' title='bbox 916 1388 961 1451; x_wconf 81' lang='lat' dir='ltr'><strong>ire</strong></span> <span class='ocrx_word' id='word_1_71' title='bbox 979 1397 1104 1467; x_wconf 86' lang='lat' dir='ltr'><strong>coctum,</strong></span> <span class='ocrx_word' id='word_1_72' title='bbox 1119 1387 1233 1451; x_wconf 86' lang='lat' dir='ltr'><strong>Cocum</strong></span> 
     </span>
     <span class='ocr_line' id='line_1_11' title="bbox 189 1487 1233 1574; baseline 0 -25"><span class='ocrx_word' id='word_1_73' title='bbox 189 1489 244 1572; x_wconf 82' lang='lat' dir='ltr'><strong>qui</strong></span> <span class='ocrx_word' id='word_1_74' title='bbox 265 1491 466 1556; x_wconf 75' lang='lat' dir='ltr'><strong>novendialis</strong></span> <span class='ocrx_word' id='word_1_75' title='bbox 480 1489 560 1554; x_wconf 75' lang='lat' dir='ltr'><strong>ulios</strong></span> <span class='ocrx_word' id='word_1_76' title='bbox 584 1488 772 1574; x_wconf 81' lang='lat' dir='ltr'><strong>appelletur,</strong></span> <span class='ocrx_word' id='word_1_77' title='bbox 788 1487 950 1573; x_wconf 82' lang='lat' dir='ltr'><strong>manifesto</strong></span> <span class='ocrx_word' id='word_1_78' title='bbox 965 1488 1127 1574; x_wconf 82' lang='lat' dir='ltr'><strong>significat</strong></span> <span class='ocrx_word' id='word_1_79' title='bbox 1141 1509 1233 1572; x_wconf 83' lang='lat' dir='ltr'><strong>quem</strong></span> 
     </span>
     <span class='ocr_line' id='line_1_12' title="bbox 187 1590 1008 1678; baseline 0 -26"><span class='ocrx_word' id='word_1_80' title='bbox 187 1590 267 1654; x_wconf 77' lang='lat' dir='ltr'><strong>dicit</strong></span> <span class='ocrx_word' id='word_1_81' title='bbox 281 1590 488 1669; x_wconf 74' lang='lat' dir='ltr'><strong>nundinalem,</strong></span> <span class='ocrx_word' id='word_1_82' title='bbox 502 1591 583 1678; x_wconf 81' lang='lat' dir='ltr'><strong>quod</strong></span> <span class='ocrx_word' id='word_1_83' title='bbox 594 1593 626 1655; x_wconf 88' lang='lat' dir='ltr'><strong>iu</strong></span> <span class='ocrx_word' id='word_1_84' title='bbox 641 1613 755 1655; x_wconf 79' lang='lat' dir='ltr'><strong>uocum</strong></span> <span class='ocrx_word' id='word_1_85' title='bbox 766 1591 844 1655; x_wconf 79' lang='lat' dir='ltr'><strong>diem</strong></span> <span class='ocrx_word' id='word_1_86' title='bbox 859 1600 1008 1675; x_wconf 80' lang='lat' dir='ltr'><strong>coqueret.</strong></span> 
     </span>
    </p>

    <p class='ocr_par' dir='ltr' id='par_1_4' title="bbox 137 1691 1234 1776">
     <span class='ocr_line' id='line_1_13' title="bbox 137 1691 1234 1776; baseline -0.003 -19"><span class='ocrx_word' id='word_1_87' title='bbox 137 1691 345 1757; x_wconf 81' lang='lat' dir='ltr'><strong>Nundinas²</strong></span> <span class='ocrx_word' id='word_1_88' title='bbox 360 1693 513 1758; x_wconf 83' lang='lat' dir='ltr'><strong>seriarum</strong></span> <span class='ocrx_word' id='word_1_89' title='bbox 534 1695 623 1758; x_wconf 89' lang='lat' dir='ltr'><strong>diem</strong></span> <span class='ocrx_word' id='word_1_90' title='bbox 637 1714 712 1758; x_wconf 88' lang='lat' dir='ltr'><strong>esse</strong></span> <span class='ocrx_word' id='word_1_91' title='bbox 727 1695 901 1757; x_wconf 88' lang='lat' dir='ltr'><strong>voluerunt</strong></span> <span class='ocrx_word' id='word_1_92' title='bbox 916 1693 1052 1776; x_wconf 77' lang='lat' dir='ltr'><strong>antiqui,</strong></span> <span class='ocrx_word' id='word_1_93' title='bbox 1068 1699 1102 1757; x_wconf 88' lang='lat' dir='ltr'><strong>ut</strong></span> <span class='ocrx_word' id='word_1_94' title='bbox 1117 1692 1234 1754; x_wconf 80' lang='lat' dir='ltr'><strong>rustici</strong></span> 
     </span>
    </p>

    <p class='ocr_par' dir='ltr' id='par_1_5' title="bbox 138 1794 1235 2062">
     <span class='ocr_line' id='line_1_14' title="bbox 138 1794 1235 1878; baseline -0.003 -21"><span class='ocrx_word' id='word_1_95' title='bbox 138 1844 143 1850; x_wconf 90' lang='lat'><em>.</em></span> <span class='ocrx_word' id='word_1_96' title='bbox 189 1794 396 1859; x_wconf 88' lang='lat' dir='ltr'><strong>convenirent</strong></span> <span class='ocrx_word' id='word_1_97' title='bbox 423 1796 587 1859; x_wconf 81' lang='lat' dir='ltr'><strong>mercandi</strong></span> <span class='ocrx_word' id='word_1_98' title='bbox 615 1795 841 1878; x_wconf 81' lang='lat' dir='ltr'><strong>vendendique</strong></span> <span class='ocrx_word' id='word_1_99' title='bbox 870 1814 984 1870; x_wconf 86' lang='lat' dir='ltr'><strong>cansa,</strong></span> <span class='ocrx_word' id='word_1_100' title='bbox 1011 1813 1150 1877; x_wconf 87' lang='lat' dir='ltr'><strong>eumque</strong></span> <span class='ocrx_word' id='word_1_101' title='bbox 1179 1812 1235 1855; x_wconf 91' lang='lat' dir='ltr'><strong>ne·</strong></span> 
     </span>
     <span class='ocr_line' id='line_1_15' title="bbox 188 1895 1235 1980; baseline 0 -23"><span class='ocrx_word' id='word_1_102' title='bbox 188 1895 322 1974; x_wconf 74' lang='lat' dir='ltr'><strong>lustrum,</strong></span> <span class='ocrx_word' id='word_1_103' title='bbox 343 1916 385 1960; x_wconf 90' lang='lat' dir='ltr'><strong>ne</strong></span> <span class='ocrx_word' id='word_1_104' title='bbox 406 1897 437 1960; x_wconf 90' lang='lat' dir='ltr'><strong>si</strong></span> <span class='ocrx_word' id='word_1_105' title='bbox 462 1897 576 1962; x_wconf 88' lang='lat' dir='ltr'><strong>liceret</strong></span> <span class='ocrx_word' id='word_1_106' title='bbox 606 1917 682 1962; x_wconf 90' lang='lat' dir='ltr'><strong>cnm</strong></span> <span class='ocrx_word' id='word_1_107' title='bbox 709 1897 835 1980; x_wconf 90' lang='lat' dir='ltr'><strong>populo</strong></span> <span class='ocrx_word' id='word_1_108' title='bbox 859 1897 925 1978; x_wconf 85' lang='lat' dir='ltr'><strong>agi,</strong></span> <span class='ocrx_word' id='word_1_109' title='bbox 950 1895 1235 1977; x_wconf 81' lang='lat' dir='ltr'><strong>interpellarentur</strong></span> 
     </span>
     <span class='ocr_line' id='line_1_16' title="bbox 190 1997 435 2062; baseline 0.008 -4"><span class='ocrx_word' id='word_1_110' title='bbox 190 1997 435 2062; x_wconf 88' lang='lat' dir='ltr'><strong>nundinatores.</strong></span> 
     </span>
    </p>

    <p class='ocr_par' dir='ltr' id='par_1_6' title="bbox 139 2093 1233 2284">
     <span class='ocr_line' id='line_1_17' title="bbox 139 2093 1233 2180; baseline 0 -22"><span class='ocrx_word' id='word_1_111' title='bbox 139 2093 182 2159; x_wconf 91' lang='lat' dir='ltr'>N</span> <span class='ocrx_word' id='word_1_112' title='bbox 184 2097 323 2162; x_wconf 86' lang='lat' dir='ltr'><strong>undinas</strong></span> <span class='ocrx_word' id='word_1_113' title='bbox 343 2099 499 2164; x_wconf 88' lang='lat' dir='ltr'><strong>seriarum</strong></span> <span class='ocrx_word' id='word_1_114' title='bbox 515 2098 602 2161; x_wconf 88' lang='lat' dir='ltr'><strong>diem</strong></span> <span class='ocrx_word' id='word_1_115' title='bbox 624 2119 700 2163; x_wconf 85' lang='lat' dir='ltr'><strong>osse</strong></span> <span class='ocrx_word' id='word_1_116' title='bbox 724 2099 900 2164; x_wconf 80' lang='lat' dir='ltr'><strong>uoluerunt</strong></span> <span class='ocrx_word' id='word_1_117' title='bbox 924 2097 1070 2180; x_wconf 87' lang='lat' dir='ltr'><strong>antiqui:</strong></span> <span class='ocrx_word' id='word_1_118' title='bbox 1097 2095 1233 2178; x_wconf 76' lang='lat' dir='ltr'><strong>[Pnuu.</strong></span> 
     </span>
     <span class='ocr_line' id='line_1_18' title="bbox 188 2199 1051 2284; baseline 0 -24"><span class='ocrx_word' id='word_1_119' title='bbox 188 2216 258 2278; x_wconf 88' lang='lat' dir='ltr'><strong>quo</strong></span> <span class='ocrx_word' id='word_1_120' title='bbox 271 2201 437 2265; x_wconf 87' lang='lat' dir='ltr'><strong>mercandi</strong></span> <span class='ocrx_word' id='word_1_121' title='bbox 452 2201 560 2284; x_wconf 80' lang='lat' dir='ltr'><strong>gratia</strong></span> <span class='ocrx_word' id='word_1_122' title='bbox 574 2203 687 2265; x_wconf 90' lang='lat' dir='ltr'><strong>urbem</strong></span> <span class='ocrx_word' id='word_1_123' title='bbox 703 2200 818 2264; x_wconf 84' lang='lat' dir='ltr'><strong>rustici</strong></span> <span class='ocrx_word' id='word_1_124' title='bbox 831 2199 1051 2263; x_wconf 84' lang='lat' dir='ltr'><strong>convenirent.</strong></span> 
     </span>
    </p>

    <p class='ocr_par' dir='ltr' id='par_1_7' title="bbox 140 2297 892 2388">
     <span class='ocr_line' id='line_1_19' title="bbox 140 2297 892 2388; baseline 0 -26"><span class='ocrx_word' id='word_1_125' title='bbox 140 2297 180 2362; x_wconf 88' lang='lat' dir='ltr'>N</span> <span class='ocrx_word' id='word_1_126' title='bbox 183 2300 323 2364; x_wconf 83' lang='lat' dir='ltr'><strong>uncins·</strong></span> <span class='ocrx_word' id='word_1_127' title='bbox 337 2309 372 2365; x_wconf 90' lang='lat' dir='ltr'><strong>et</strong></span> <span class='ocrx_word' id='word_1_128' title='bbox 385 2321 437 2366; x_wconf 90' lang='lat' dir='ltr'><strong>res</strong></span> <span class='ocrx_word' id='word_1_129' title='bbox 449 2304 538 2386; x_wconf 89' lang='lat' dir='ltr'><strong>ipsa,</strong></span> <span class='ocrx_word' id='word_1_130' title='bbox 553 2310 588 2366; x_wconf 90' lang='lat' dir='ltr'><strong>et</strong></span> <span class='ocrx_word' id='word_1_131' title='bbox 602 2322 747 2388; x_wconf 73' lang='lat' dir='ltr'><strong>persona</strong></span> <span class='ocrx_word' id='word_1_132' title='bbox 757 2302 892 2366; x_wconf 71' lang='lat' dir='ltr'><strong>dicitun</strong></span> 
     </span>
    </p>

    <p class='ocr_par' dir='ltr' id='par_1_8' title="bbox 143 2395 1235 2488">
     <span class='ocr_line' id='line_1_20' title="bbox 143 2395 1235 2488; baseline 0.001 -28"><span class='ocrx_word' id='word_1_133' title='bbox 143 2395 309 2463; x_wconf 72' lang='lat' dir='ltr'><strong>Nuuciur⁶</strong></span> <span class='ocrx_word' id='word_1_134' title='bbox 330 2412 360 2464; x_wconf 85' lang='lat' dir='ltr'><strong>et</strong></span> <span class='ocrx_word' id='word_1_135' title='bbox 374 2403 670 2487; x_wconf 83' lang='lat' dir='ltr'><strong>persona&#39;dicitnr3</strong></span> <span class='ocrx_word' id='word_1_136' title='bbox 686 2413 715 2468; x_wconf 86' lang='lat' dir='ltr'><strong>et</strong></span> <span class='ocrx_word' id='word_1_137' title='bbox 727 2424 774 2466; x_wconf 78' lang='lat' dir='ltr'><strong>res</strong></span> <span class='ocrx_word' id='word_1_138' title='bbox 789 2403 866 2488; x_wconf 84' lang='lat' dir='ltr'><strong>ipso.</strong></span> <span class='ocrx_word' id='word_1_139' title='bbox 913 2399 951 2472; x_wconf 84' lang='lat' dir='ltr'><strong>Iu</strong></span> <span class='ocrx_word' id='word_1_140' title='bbox 963 2419 1094 2483; x_wconf 83' lang='lat' dir='ltr'><strong>persona</strong></span> <span class='ocrx_word' id='word_1_141' title='bbox 1108 2400 1235 2482; x_wconf 81' lang='lat' dir='ltr'><strong>[Fnsu.</strong></span> 
     </span>
    </p>
   </div>
   <div class='ocr_carea' id='block_1_3' title="bbox 606 2581 783 2604">
    <p class='ocr_par' dir='ltr' id='par_1_9' title="bbox 606 2581 783 2604">
     <span class='ocr_line' id='line_1_21' title="bbox 606 2581 783 2604; baseline -0.006 -2"><span class='ocrx_word' id='word_1_142' title='bbox 606 2581 783 2604; x_wconf 57' lang='lat' dir='ltr'><strong>mmo</strong></span> 
     </span>
    </p>
   </div>
   <div class='ocr_carea' id='block_1_4' title="bbox 150 2688 1237 2803">
    <p class='ocr_par' dir='ltr' id='par_1_10' title="bbox 150 2688 1237 2803">
     <span class='ocr_line' id='line_1_22' title="bbox 150 2688 1237 2800; baseline 0.001 -62"><span class='ocrx_word' id='word_1_143' title='bbox 150 2694 192 2800; x_wconf 58' lang='grc' dir='ltr'><strong>ἀρ</strong></span> <span class='ocrx_word' id='word_1_144' title='bbox 211 2688 262 2775; x_wconf 59' lang='lat' dir='ltr'><strong>liiii</strong></span> <span class='ocrx_word' id='word_1_145' title='bbox 273 2691 366 2755; x_wconf 79' lang='lat' dir='ltr'><strong>legunt</strong></span> <span class='ocrx_word' id='word_1_146' title='bbox 385 2695 444 2756; x_wconf 76' lang='lat' dir='ltr'><strong>quod</strong></span> <span class='ocrx_word' id='word_1_147' title='bbox 461 2693 606 2744; x_wconf 75' lang='lat' dir='ltr'><strong>etiarn-10</strong></span> <span class='ocrx_word' id='word_1_148' title='bbox 623 2691 672 2743; x_wconf 88' lang='lat' dir='ltr'><strong>lid.</strong></span> <span class='ocrx_word' id='word_1_149' title='bbox 687 2691 756 2742; x_wconf 79' lang='lat' dir='ltr'><strong>Serri.</strong></span> <span class='ocrx_word' id='word_1_150' title='bbox 773 2691 867 2740; x_wconf 73' lang='lat' dir='ltr'><strong>‘Coruo</strong></span> <span class='ocrx_word' id='word_1_151' title='bbox 887 2688 1022 2740; x_wconf 75' lang='lat' dir='ltr'><strong>nundinale</strong></span> <span class='ocrx_word' id='word_1_152' title='bbox 1044 2697 1085 2738; x_wconf 81' lang='lat' dir='ltr'><strong>ert</strong></span> <span class='ocrx_word' id='word_1_153' title='bbox 1108 2690 1133 2738; x_wconf 88' lang='lat' dir='ltr'><strong>in</strong></span> <span class='ocrx_word' id='word_1_154' title='bbox 1153 2705 1237 2739; x_wconf 71' lang='lat' dir='ltr'><strong>mrum</strong></span> 
     </span>
     <span class='ocr_line' id='line_1_23' title="bbox 169 2764 383 2803; baseline 0.005 -3"><span class='ocrx_word' id='word_1_155' title='bbox 169 2769 223 2803; x_wconf 78' lang='lat' dir='ltr'><strong>rem.</strong></span> <span class='ocrx_word' id='word_1_156' title='bbox 381 2764 383 2770; x_wconf 92' lang='lat'>·</span> 
     </span>
    </p>
   </div>
   <div class='ocr_carea' id='block_1_5' title="bbox 642 2882 747 2933">
    <p class='ocr_par' dir='ltr' id='par_1_11' title="bbox 642 2882 747 2933">
     <span class='ocr_line' id='line_1_24' title="bbox 642 2882 747 2933; baseline 0.019 -2"><span class='ocrx_word' id='word_1_157' title='bbox 642 2882 747 2933; x_wconf 81' lang='lat' dir='ltr'>NOTAE</span> 
     </span>
    </p>
   </div>
   <div class='ocr_carea' id='block_1_6' title="bbox 142 2987 1236 3210">
    <p class='ocr_par' dir='ltr' id='par_1_12' title="bbox 142 2987 1236 3210">
     <span class='ocr_line' id='line_1_25' title="bbox 177 2987 1236 3060; baseline 0.004 -22"><span class='ocrx_word' id='word_1_158' title='bbox 177 2987 367 3058; x_wconf 68' lang='lat' dir='ltr'><strong>ruminarem]</strong></span> <span class='ocrx_word' id='word_1_159' title='bbox 379 2995 497 3045; x_wconf 77' lang='lat' dir='ltr'><strong>Plautio</strong></span> <span class='ocrx_word' id='word_1_160' title='bbox 507 2995 593 3046; x_wconf 80' lang='lat' dir='ltr'><strong>delui.</strong></span> <span class='ocrx_word' id='word_1_161' title='bbox 605 2996 672 3046; x_wconf 84' lang='lat' dir='ltr'><strong>‘Co-</strong></span> <span class='ocrx_word' id='word_1_162' title='bbox 712 2997 778 3060; x_wconf 71' lang='lat' dir='ltr'><strong>gule</strong></span> <span class='ocrx_word' id='word_1_163' title='bbox 790 2997 890 3060; x_wconf 76' lang='lat' dir='ltr'><strong>genium</strong></span> <span class='ocrx_word' id='word_1_164' title='bbox 901 3009 974 3044; x_wconf 76' lang='lat' dir='ltr'><strong>eccas</strong></span> <span class='ocrx_word' id='word_1_165' title='bbox 987 3007 1086 3058; x_wconf 76' lang='lat' dir='ltr'><strong>parare.</strong></span> <span class='ocrx_word' id='word_1_166' title='bbox 1112 2992 1182 3042; x_wconf 75' lang='lat' dir='ltr'><strong>Male</strong></span> <span class='ocrx_word' id='word_1_167' title='bbox 1193 2995 1236 3058; x_wconf 87' lang='lat' dir='ltr'><strong>qui</strong></span> 
     </span>
     <span class='ocr_line' id='line_1_26' title="bbox 142 3069 874 3132; baseline 0.003 -14"><span class='ocrx_word' id='word_1_168' title='bbox 142 3083 210 3132; x_wconf 81' lang='lat' dir='ltr'><strong>quor</strong></span> <span class='ocrx_word' id='word_1_169' title='bbox 231 3069 274 3117; x_wconf 86' lang='lat' dir='ltr'><strong>ille</strong></span> <span class='ocrx_word' id='word_1_170' title='bbox 296 3069 441 3119; x_wconf 80' lang='lat' dir='ltr'><strong>nundinalis</strong></span> <span class='ocrx_word' id='word_1_171' title='bbox 463 3078 512 3129; x_wconf 82' lang='lat' dir='ltr'><strong>eet,</strong></span> <span class='ocrx_word' id='word_1_172' title='bbox 534 3070 560 3120; x_wconf 92' lang='lat' dir='ltr'><strong>in</strong></span> <span class='ocrx_word' id='word_1_173' title='bbox 578 3085 671 3120; x_wconf 88' lang='lat' dir='ltr'><strong>nonnrn</strong></span> <span class='ocrx_word' id='word_1_174' title='bbox 710 3073 795 3120; x_wconf 73' lang='lat' dir='ltr'><strong>aliter.</strong></span> <span class='ocrx_word' id='word_1_175' title='bbox 812 3072 874 3120; x_wconf 84' lang='lat' dir='ltr'><strong>Due.</strong></span> 
     </span>
     <span class='ocr_line' id='line_1_27' title="bbox 142 3143 1236 3210; baseline -0.004 -14"><span class='ocrx_word' id='word_1_176' title='bbox 142 3145 214 3196; x_wconf 77' lang='lat' dir='ltr'><strong>diern</strong></span> <span class='ocrx_word' id='word_1_177' title='bbox 225 3145 297 3194; x_wconf 83' lang='lat' dir='ltr'><strong>Solet</strong></span> <span class='ocrx_word' id='word_1_178' title='bbox 305 3145 341 3192; x_wconf 89' lang='lat' dir='ltr'><strong>ire</strong></span> <span class='ocrx_word' id='word_1_179' title='bbox 352 3143 470 3194; x_wconf 85' lang='lat' dir='ltr'><strong>coctum.&#39;</strong></span> <span class='ocrx_word' id='word_1_180' title='bbox 486 3145 547 3195; x_wconf 76' lang='lat' dir='ltr'><strong>Ant.</strong></span> <span class='ocrx_word' id='word_1_181' title='bbox 555 3145 621 3207; x_wconf 75' lang='lat' dir='ltr'><strong>Aug.</strong></span> <span class='ocrx_word' id='word_1_182' title='bbox 743 3147 908 3210; x_wconf 63' lang='lat' dir='ltr'><strong>’Nuedimfl</strong></span> <span class='ocrx_word' id='word_1_183' title='bbox 925 3145 1006 3208; x_wconf 75' lang='lat' dir='ltr'><strong>Lego,</strong></span> <span class='ocrx_word' id='word_1_184' title='bbox 1025 3143 1236 3201; x_wconf 78' lang='lat' dir='ltr'><strong>Nundiurresrrio·</strong></span> 
     </span>
    </p>
   </div>
   <div class='ocr_carea' id='block_1_7' title="bbox 177 3218 1314 3284">
    <p class='ocr_par' dir='ltr' id='par_1_13' title="bbox 177 3218 1314 3284">
     <span class='ocr_line' id='line_1_28' title="bbox 177 3218 1314 3284; baseline 0 -15"><span class='ocrx_word' id='word_1_185' title='bbox 177 3221 350 3283; x_wconf 73' lang='lat' dir='ltr'><strong>Nundirrnleur]</strong></span> <span class='ocrx_word' id='word_1_186' title='bbox 385 3221 545 3270; x_wconf 75' lang='lat' dir='ltr'><strong>Nundirrrrlem</strong></span> <span class='ocrx_word' id='word_1_187' title='bbox 575 3236 672 3283; x_wconf 79' lang='lat' dir='ltr'><strong>coquum</strong></span> <span class='ocrx_word' id='word_1_188' title='bbox 710 3227 761 3272; x_wconf 86' lang='lat' dir='ltr'><strong>turrr</strong></span> <span class='ocrx_word' id='word_1_189' title='bbox 777 3222 847 3271; x_wconf 83' lang='lat' dir='ltr'><strong>diem.</strong></span> <span class='ocrx_word' id='word_1_190' title='bbox 882 3221 990 3270; x_wconf 81' lang='lat' dir='ltr'><strong>Auono</strong></span> <span class='ocrx_word' id='word_1_191' title='bbox 1008 3219 1051 3269; x_wconf 87' lang='lat' dir='ltr'><strong>die</strong></span> <span class='ocrx_word' id='word_1_192' title='bbox 1072 3218 1159 3282; x_wconf 79' lang='lat' dir='ltr'><strong>dictae,</strong></span> <span class='ocrx_word' id='word_1_193' title='bbox 1178 3222 1238 3284; x_wconf 76' lang='lat' dir='ltr'><strong>quie</strong></span> <span class='ocrx_word' id='word_1_194' title='bbox 1309 3243 1314 3250; x_wconf 93' lang='lat'>·</span> 
     </span>
    </p>
   </div>
   <div class='ocr_carea' id='block_1_8' title="bbox 143 3293 1268 4342">
    <p class='ocr_par' dir='ltr' id='par_1_14' title="bbox 143 3293 1268 4342">
     <span class='ocr_line' id='line_1_29' title="bbox 144 3293 1237 3360; baseline -0.005 -13"><span class='ocrx_word' id='word_1_195' title='bbox 144 3299 253 3347; x_wconf 78' lang='lat' dir='ltr'><strong>Plautus</strong></span> <span class='ocrx_word' id='word_1_196' title='bbox 269 3297 343 3352; x_wconf 81' lang='lat' dir='ltr'><strong>dixit,</strong></span> <span class='ocrx_word' id='word_1_197' title='bbox 366 3312 413 3360; x_wconf 94' lang='lat' dir='ltr'><strong>pro</strong></span> <span class='ocrx_word' id='word_1_198' title='bbox 433 3297 587 3346; x_wconf 79' lang='lat' dir='ltr'><strong>nouendiali.</strong></span> <span class='ocrx_word' id='word_1_199' title='bbox 606 3299 672 3348; x_wconf 82' lang='lat' dir='ltr'><strong>‘Cn-</strong></span> <span class='ocrx_word' id='word_1_200' title='bbox 711 3311 778 3346; x_wconf 88' lang='lat' dir='ltr'><strong>nono</strong></span> <span class='ocrx_word' id='word_1_201' title='bbox 794 3311 896 3360; x_wconf 85' lang='lat' dir='ltr'><strong>qrroque</strong></span> <span class='ocrx_word' id='word_1_202' title='bbox 907 3293 948 3343; x_wconf 84' lang='lat' dir='ltr'><strong>dir·</strong></span> <span class='ocrx_word' id='word_1_203' title='bbox 959 3294 1063 3350; x_wconf 83' lang='lat' dir='ltr'><strong>fiebant,</strong></span> <span class='ocrx_word' id='word_1_204' title='bbox 1076 3303 1103 3343; x_wconf 85' lang='lat' dir='ltr'><strong>ut</strong></span> <span class='ocrx_word' id='word_1_205' title='bbox 1115 3309 1171 3342; x_wconf 86' lang='lat' dir='ltr'><strong>cunr</strong></span> <span class='ocrx_word' id='word_1_206' title='bbox 1183 3310 1237 3343; x_wconf 82' lang='lat' dir='ltr'><strong>rnr-</strong></span> 
     </span>
     <span class='ocr_line' id='line_1_30' title="bbox 143 3369 1239 3436; baseline -0.003 -14"><span class='ocrx_word' id='word_1_207' title='bbox 143 3386 210 3436; x_wconf 85' lang='lat' dir='ltr'><strong>quor</strong></span> <span class='ocrx_word' id='word_1_208' title='bbox 232 3372 274 3422; x_wconf 87' lang='lat' dir='ltr'><strong>ille</strong></span> <span class='ocrx_word' id='word_1_209' title='bbox 297 3373 440 3421; x_wconf 75' lang='lat' dir='ltr'><strong>nnrrdineiis</strong></span> <span class='ocrx_word' id='word_1_210' title='bbox 458 3381 511 3432; x_wconf 84' lang='lat' dir='ltr'><strong>est,</strong></span> <span class='ocrx_word' id='word_1_211' title='bbox 532 3373 558 3422; x_wconf 91' lang='lat' dir='ltr'><strong>in</strong></span> <span class='ocrx_word' id='word_1_212' title='bbox 578 3386 672 3422; x_wconf 83' lang='lat' dir='ltr'><strong>nonum</strong></span> <span class='ocrx_word' id='word_1_213' title='bbox 713 3372 757 3421; x_wconf 87' lang='lat' dir='ltr'><strong>tici</strong></span> <span class='ocrx_word' id='word_1_214' title='bbox 767 3379 829 3421; x_wconf 85' lang='lat' dir='ltr'><strong>octo</strong></span> <span class='ocrx_word' id='word_1_215' title='bbox 841 3370 930 3420; x_wconf 81' lang='lat' dir='ltr'><strong>diebus</strong></span> <span class='ocrx_word' id='word_1_216' title='bbox 945 3371 971 3418; x_wconf 92' lang='lat' dir='ltr'><strong>in</strong></span> <span class='ocrx_word' id='word_1_217' title='bbox 989 3371 1057 3434; x_wconf 75' lang='lat' dir='ltr'><strong>egris</strong></span> <span class='ocrx_word' id='word_1_218' title='bbox 1078 3385 1155 3432; x_wconf 78' lang='lat' dir='ltr'><strong>opere</strong></span> <span class='ocrx_word' id='word_1_219' title='bbox 1176 3369 1239 3419; x_wconf 80' lang='lat' dir='ltr'><strong>inci·</strong></span> 
     </span>
     <span class='ocr_line' id='line_1_31' title="bbox 144 3445 1239 3506; baseline 0 -12"><span class='ocrx_word' id='word_1_220' title='bbox 144 3445 477 3496; x_wconf 77' lang='lat' dir='ltr'><strong>diernSoletirecuctnrnr’</strong></span> <span class='ocrx_word' id='word_1_221' title='bbox 496 3449 672 3497; x_wconf 83' lang='lat' dir='ltr'><strong>novendialem</strong></span> <span class='ocrx_word' id='word_1_222' title='bbox 713 3446 780 3497; x_wconf 88' lang='lat' dir='ltr'><strong>endo</strong></span> <span class='ocrx_word' id='word_1_223' title='bbox 798 3448 891 3496; x_wconf 75' lang='lat' dir='ltr'><strong>versuti</strong></span> <span class='ocrx_word' id='word_1_224' title='bbox 909 3453 1002 3506; x_wconf 80' lang='lat' dir='ltr'><strong>essent,</strong></span> <span class='ocrx_word' id='word_1_225' title='bbox 1018 3460 1085 3495; x_wconf 90' lang='lat' dir='ltr'><strong>nono</strong></span> <span class='ocrx_word' id='word_1_226' title='bbox 1103 3447 1145 3494; x_wconf 87' lang='lat' dir='ltr'><strong>die</strong></span> <span class='ocrx_word' id='word_1_227' title='bbox 1161 3446 1239 3495; x_wconf 83' lang='lat' dir='ltr'><strong>inter·</strong></span> 
     </span>
     <span class='ocr_line' id='line_1_32' title="bbox 145 3519 1240 3586; baseline 0 -16"><span class='ocrx_word' id='word_1_228' title='bbox 145 3519 282 3570; x_wconf 75' lang='lat' dir='ltr'><strong>manifesto</strong></span> <span class='ocrx_word' id='word_1_229' title='bbox 297 3520 435 3583; x_wconf 74' lang='lat' dir='ltr'><strong>significat,</strong></span> <span class='ocrx_word' id='word_1_230' title='bbox 452 3522 512 3586; x_wconf 79' lang='lat' dir='ltr'><strong>quia</strong></span> <span class='ocrx_word' id='word_1_231' title='bbox 524 3524 557 3573; x_wconf 86' lang='lat' dir='ltr'><strong>in</strong></span> <span class='ocrx_word' id='word_1_232' title='bbox 579 3537 673 3572; x_wconf 90' lang='lat' dir='ltr'><strong>nonrun</strong></span> <span class='ocrx_word' id='word_1_233' title='bbox 714 3523 791 3573; x_wconf 79' lang='lat' dir='ltr'><strong>misso</strong></span> <span class='ocrx_word' id='word_1_234' title='bbox 804 3537 862 3572; x_wconf 85' lang='lat' dir='ltr'><strong>rore</strong></span> <span class='ocrx_word' id='word_1_235' title='bbox 878 3523 910 3572; x_wconf 84' lang='lat' dir='ltr'><strong>ad</strong></span> <span class='ocrx_word' id='word_1_236' title='bbox 923 3533 1064 3571; x_wconf 82' lang='lat' dir='ltr'><strong>merentum</strong></span> <span class='ocrx_word' id='word_1_237' title='bbox 1075 3529 1103 3570; x_wconf 83' lang='lat' dir='ltr'><strong>et</strong></span> <span class='ocrx_word' id='word_1_238' title='bbox 1114 3522 1185 3584; x_wconf 78' lang='lat' dir='ltr'><strong>leges</strong></span> <span class='ocrx_word' id='word_1_239' title='bbox 1197 3537 1240 3570; x_wconf 87' lang='lat' dir='ltr'><strong>nc·</strong></span> 
     </span>
     <span class='ocr_line' id='line_1_33' title="bbox 145 3596 1268 3662; baseline -0.002 -16"><span class='ocrx_word' id='word_1_240' title='bbox 145 3597 215 3646; x_wconf 89' lang='lat' dir='ltr'><strong>diern</strong></span> <span class='ocrx_word' id='word_1_241' title='bbox 235 3605 368 3660; x_wconf 84' lang='lat' dir='ltr'><strong>coqueret.</strong></span> <span class='ocrx_word' id='word_1_242' title='bbox 403 3598 463 3648; x_wconf 78' lang='lat' dir='ltr'><strong>Fuit</strong></span> <span class='ocrx_word' id='word_1_243' title='bbox 480 3613 536 3646; x_wconf 86' lang='lat' dir='ltr'><strong>corn</strong></span> <span class='ocrx_word' id='word_1_244' title='bbox 556 3609 672 3662; x_wconf 81' lang='lat' dir='ltr'><strong>purnrern</strong></span> <span class='ocrx_word' id='word_1_245' title='bbox 714 3599 847 3662; x_wconf 80' lang='lat' dir='ltr'><strong>cipiendnr</strong></span> <span class='ocrx_word' id='word_1_246' title='bbox 866 3597 1118 3656; x_wconf 71' lang='lat' dir='ltr'><strong>Romanurnirerrt3</strong></span> <span class='ocrx_word' id='word_1_247' title='bbox 1141 3596 1240 3645; x_wconf 82' lang='lat' dir='ltr'><strong>etirrde</strong></span> <span class='ocrx_word' id='word_1_248' title='bbox 1266 3633 1268 3638; x_wconf 93' lang='lat'><em>.</em></span> 
     </span>
     <span class='ocr_line' id='line_1_34' title="bbox 145 3671 1241 3738; baseline -0.002 -18"><span class='ocrx_word' id='word_1_249' title='bbox 145 3673 298 3722; x_wconf 74' lang='lat' dir='ltr'><strong>nundinalem</strong></span> <span class='ocrx_word' id='word_1_250' title='bbox 323 3687 421 3736; x_wconf 73' lang='lat' dir='ltr'><strong>ecquem</strong></span> <span class='ocrx_word' id='word_1_251' title='bbox 447 3675 544 3724; x_wconf 85' lang='lat' dir='ltr'><strong>dictum</strong></span> <span class='ocrx_word' id='word_1_252' title='bbox 568 3677 674 3738; x_wconf 70' lang='lat' dir='ltr'><strong>Plauto,</strong></span> <span class='ocrx_word' id='word_1_253' title='bbox 715 3675 840 3724; x_wconf 72' lang='lat' dir='ltr'><strong>transsate</strong></span> <span class='ocrx_word' id='word_1_254' title='bbox 856 3688 906 3722; x_wconf 82' lang='lat' dir='ltr'><strong>uox</strong></span> <span class='ocrx_word' id='word_1_255' title='bbox 924 3672 956 3722; x_wconf 83' lang='lat' dir='ltr'><strong>ad</strong></span> <span class='ocrx_word' id='word_1_256' title='bbox 980 3671 1097 3721; x_wconf 84' lang='lat' dir='ltr'><strong>celebres</strong></span> <span class='ocrx_word' id='word_1_257' title='bbox 1116 3679 1241 3719; x_wconf 83' lang='lat' dir='ltr'><strong>mercato·</strong></span> 
     </span>
     <span class='ocr_line' id='line_1_35' title="bbox 145 3748 1241 3812; baseline -0.001 -16"><span class='ocrx_word' id='word_1_258' title='bbox 145 3749 215 3811; x_wconf 88' lang='lat' dir='ltr'><strong>quod</strong></span> <span class='ocrx_word' id='word_1_259' title='bbox 236 3756 336 3797; x_wconf 74' lang='lat' dir='ltr'><strong>tanturn</strong></span> <span class='ocrx_word' id='word_1_260' title='bbox 364 3748 492 3798; x_wconf 84' lang='lat' dir='ltr'><strong>Nundinie</strong></span> <span class='ocrx_word' id='word_1_261' title='bbox 517 3750 674 3800; x_wconf 84' lang='lat' dir='ltr'><strong>conducere·</strong></span> <span class='ocrx_word' id='word_1_262' title='bbox 714 3767 769 3802; x_wconf 89' lang='lat' dir='ltr'><strong>rnnr</strong></span> <span class='ocrx_word' id='word_1_263' title='bbox 788 3760 928 3801; x_wconf 76' lang='lat' dir='ltr'><strong>conventus</strong></span> <span class='ocrx_word' id='word_1_264' title='bbox 946 3753 1070 3798; x_wconf 83' lang='lat' dir='ltr'><strong>immunes</strong></span> <span class='ocrx_word' id='word_1_265' title='bbox 1086 3750 1241 3812; x_wconf 78' lang='lat' dir='ltr'><strong>liberosque,</strong></span> 
     </span>
     <span class='ocr_line' id='line_1_36' title="bbox 147 3823 1193 3896; baseline -0.002 -24"><span class='ocrx_word' id='word_1_266' title='bbox 147 3833 197 3872; x_wconf 84' lang='lat' dir='ltr'><strong>tur·</strong></span> <span class='ocrx_word' id='word_1_267' title='bbox 228 3823 324 3873; x_wconf 78' lang='lat' dir='ltr'><strong>Temen</strong></span> <span class='ocrx_word' id='word_1_268' title='bbox 344 3823 434 3872; x_wconf 85' lang='lat' dir='ltr'><strong>melior</strong></span> <span class='ocrx_word' id='word_1_269' title='bbox 452 3824 523 3874; x_wconf 81' lang='lat' dir='ltr'><strong>Festi</strong></span> <span class='ocrx_word' id='word_1_270' title='bbox 535 3827 674 3878; x_wconf 79' lang='lat' dir='ltr'><strong>sententie.</strong></span> <span class='ocrx_word' id='word_1_271' title='bbox 712 3843 780 3896; x_wconf 49' lang='lat' dir='ltr'><strong>¹quos</strong></span> <span class='ocrx_word' id='word_1_272' title='bbox 793 3828 869 3889; x_wconf 75' lang='lat' dir='ltr'><strong>vulgo</strong></span> <span class='ocrx_word' id='word_1_273' title='bbox 881 3825 1091 3884; x_wconf 76' lang='lat' dir='ltr'><strong>rorumoejoirer.</strong></span> <span class='ocrx_word' id='word_1_274' title='bbox 1111 3825 1193 3872; x_wconf 87' lang='lat' dir='ltr'><strong>Idern.</strong></span> 
     </span>
     <span class='ocr_line' id='line_1_37' title="bbox 146 3899 1242 3962; baseline -0.002 -14"><span class='ocrx_word' id='word_1_275' title='bbox 146 3901 200 3950; x_wconf 76' lang='lat' dir='ltr'><strong>doe.</strong></span> <span class='ocrx_word' id='word_1_276' title='bbox 211 3901 274 3950; x_wconf 73' lang='lat' dir='ltr'><strong>sear.</strong></span> <span class='ocrx_word' id='word_1_277' title='bbox 747 3911 759 3936; x_wconf 76' lang='lat'>²</span> <span class='ocrx_word' id='word_1_278' title='bbox 791 3899 908 3961; x_wconf 81' lang='lat' dir='ltr'><strong>Nuuer&#39;ur]</strong></span> <span class='ocrx_word' id='word_1_279' title='bbox 935 3901 1098 3962; x_wconf 77' lang='lat' dir='ltr'><strong>Syracusana</strong></span> <span class='ocrx_word' id='word_1_280' title='bbox 1125 3911 1174 3946; x_wconf 82' lang='lat' dir='ltr'><strong>vox</strong></span> <span class='ocrx_word' id='word_1_281' title='bbox 1201 3905 1242 3946; x_wconf 83' lang='lat' dir='ltr'><strong>est</strong></span> 
     </span>
     <span class='ocr_line' id='line_1_38' title="bbox 179 3973 1241 4042; baseline -0.005 -16"><span class='ocrx_word' id='word_1_282' title='bbox 179 3977 340 4026; x_wconf 74' lang='lat' dir='ltr'><strong>Nundirrulem</strong></span> <span class='ocrx_word' id='word_1_283' title='bbox 366 3975 455 4038; x_wconf 70' lang='lat' dir='ltr'><strong>eorum]</strong></span> <span class='ocrx_word' id='word_1_284' title='bbox 483 3977 564 4026; x_wconf 75' lang='lat' dir='ltr'><strong>Locus</strong></span> <span class='ocrx_word' id='word_1_285' title='bbox 585 3977 674 4026; x_wconf 76' lang='lat' dir='ltr'><strong>Plauti</strong></span> <span class='ocrx_word' id='word_1_286' title='bbox 716 3975 968 4042; x_wconf 75' lang='lat' dir='ltr'><strong>querneudosssiculi</strong></span> <span class='ocrx_word' id='word_1_287' title='bbox 985 3973 1161 4022; x_wconf 73' lang='lat' dir='ltr'><strong>declinarunt:</strong></span> <span class='ocrx_word' id='word_1_288' title='bbox 1180 3973 1241 4028; x_wconf 73' lang='lat' dir='ltr'><strong>utos,</strong></span> 
     </span>
     <span class='ocr_line' id='line_1_39' title="bbox 147 4049 1242 4115; baseline -0.005 -13"><span class='ocrx_word' id='word_1_289' title='bbox 147 4062 188 4102; x_wconf 82' lang='lat' dir='ltr'><strong>eet</strong></span> <span class='ocrx_word' id='word_1_290' title='bbox 201 4053 317 4102; x_wconf 78' lang='lat' dir='ltr'><strong>Aululrr.</strong></span> <span class='ocrx_word' id='word_1_291' title='bbox 331 4065 362 4101; x_wconf 87' lang='lat' dir='ltr'><strong>rr.</strong></span> <span class='ocrx_word' id='word_1_292' title='bbox 377 4055 403 4101; x_wconf 78' lang='grc'><strong>4.</strong></span> <span class='ocrx_word' id='word_1_293' title='bbox 435 4053 530 4101; x_wconf 83' lang='lat' dir='ltr'><strong>Coeum</strong></span> <span class='ocrx_word' id='word_1_294' title='bbox 542 4061 627 4102; x_wconf 78' lang='lat' dir='ltr'><strong>entem</strong></span> <span class='ocrx_word' id='word_1_295' title='bbox 637 4054 676 4101; x_wconf 88' lang='lat' dir='ltr'><strong>in·</strong></span> <span class='ocrx_word' id='word_1_296' title='bbox 715 4052 832 4115; x_wconf 75' lang='grc' dir='ltr'><strong><em>νουγκίος·</em></strong></span> <span class='ocrx_word' id='word_1_297' title='bbox 852 4052 940 4115; x_wconf 74' lang='lat' dir='ltr'><strong>itaque</strong></span> <span class='ocrx_word' id='word_1_298' title='bbox 957 4049 1035 4098; x_wconf 73' lang='lat' dir='ltr'><strong>scribi</strong></span> <span class='ocrx_word' id='word_1_299' title='bbox 1051 4049 1137 4097; x_wconf 82' lang='lat' dir='ltr'><strong>malim</strong></span> <span class='ocrx_word' id='word_1_300' title='bbox 1158 4061 1204 4110; x_wconf 87' lang='lat' dir='ltr'><strong>per</strong></span> <span class='ocrx_word' id='word_1_301' title='bbox 1220 4065 1242 4097; x_wconf 87' lang='lat' dir='ltr'><strong>r.</strong></span> 
     </span>
     <span class='ocr_line' id='line_1_40' title="bbox 147 4126 798 4192; baseline -0.003 -14"><span class='ocrx_word' id='word_1_302' title='bbox 147 4130 244 4191; x_wconf 77' lang='lat' dir='ltr'><strong>telligit</strong></span> <span class='ocrx_word' id='word_1_303' title='bbox 266 4128 393 4177; x_wconf 77' lang='lat' dir='ltr'><strong>lanstnerii</strong></span> <span class='ocrx_word' id='word_1_304' title='bbox 411 4126 518 4184; x_wconf 88' lang='lat' dir='ltr'><strong>ordinlr,</strong></span> <span class='ocrx_word' id='word_1_305' title='bbox 535 4126 578 4192; x_wconf 89' lang='lat' dir='ltr'><strong>qni</strong></span> <span class='ocrx_word' id='word_1_306' title='bbox 596 4128 676 4188; x_wconf 73' lang='lat' dir='ltr'><strong>megia</strong></span> <span class='ocrx_word' id='word_1_307' title='bbox 715 4129 798 4178; x_wconf 87' lang='lat' dir='ltr'><strong>ldenr.</strong></span> 
     </span>
     <span class='ocr_line' id='line_1_41' title="bbox 146 4197 1242 4266; baseline -0.006 -13"><span class='ocrx_word' id='word_1_308' title='bbox 146 4211 235 4254; x_wconf 78' lang='lat' dir='ltr'><strong>noaret</strong></span> <span class='ocrx_word' id='word_1_309' title='bbox 246 4217 358 4266; x_wconf 83' lang='lat' dir='ltr'><strong>coquere</strong></span> <span class='ocrx_word' id='word_1_310' title='bbox 373 4217 472 4252; x_wconf 76' lang='lat' dir='ltr'><strong>coenenr</strong></span> <span class='ocrx_word' id='word_1_311' title='bbox 486 4201 602 4265; x_wconf 74' lang='lat' dir='ltr'><strong>feralem,</strong></span> <span class='ocrx_word' id='word_1_312' title='bbox 616 4217 674 4266; x_wconf 80' lang='lat' dir='ltr'><strong>qnae</strong></span> <span class='ocrx_word' id='word_1_313' title='bbox 746 4204 758 4237; x_wconf 61' lang='grc' dir='ltr'>δ</span> <span class='ocrx_word' id='word_1_314' title='bbox 776 4200 898 4263; x_wconf 81' lang='lat' dir='ltr'><strong>Nuuciur]</strong></span> <span class='ocrx_word' id='word_1_315' title='bbox 916 4199 975 4248; x_wconf 86' lang='lat' dir='ltr'><strong>Non</strong></span> <span class='ocrx_word' id='word_1_316' title='bbox 997 4199 1059 4248; x_wconf 77' lang='lat' dir='ltr'><strong>ntis</strong></span> <span class='ocrx_word' id='word_1_317' title='bbox 1078 4197 1154 4247; x_wconf 85' lang='lat' dir='ltr'><strong>rideo</strong></span> <span class='ocrx_word' id='word_1_318' title='bbox 1165 4213 1242 4261; x_wconf 83' lang='lat' dir='ltr'><strong>qrrsm</strong></span> 
     </span>
     <span class='ocr_line' id='line_1_42' title="bbox 148 4273 1241 4342; baseline -0.005 -14"><span class='ocrx_word' id='word_1_319' title='bbox 148 4293 215 4330; x_wconf 86' lang='lat' dir='ltr'><strong>none</strong></span> <span class='ocrx_word' id='word_1_320' title='bbox 227 4279 270 4329; x_wconf 87' lang='lat' dir='ltr'><strong>die</strong></span> <span class='ocrx_word' id='word_1_321' title='bbox 281 4277 370 4342; x_wconf 84' lang='lat' dir='ltr'><strong>tiebat,</strong></span> <span class='ocrx_word' id='word_1_322' title='bbox 387 4291 464 4341; x_wconf 86' lang='lat' dir='ltr'><strong>quarn</strong></span> <span class='ocrx_word' id='word_1_323' title='bbox 482 4276 514 4327; x_wconf 78' lang='lat' dir='ltr'><strong>ed</strong></span> <span class='ocrx_word' id='word_1_324' title='bbox 534 4277 675 4341; x_wconf 77' lang='lat' dir='ltr'><strong>ingeniosae</strong></span> <span class='ocrx_word' id='word_1_325' title='bbox 715 4275 885 4329; x_wconf 74' lang='lat' dir='ltr'><strong>differentium</strong></span> <span class='ocrx_word' id='word_1_326' title='bbox 901 4273 995 4326; x_wconf 77' lang='lat' dir='ltr'><strong>secisse</strong></span> <span class='ocrx_word' id='word_1_327' title='bbox 1009 4275 1110 4336; x_wconf 83' lang='lat' dir='ltr'><strong>dicetur</strong></span> <span class='ocrx_word' id='word_1_328' title='bbox 1121 4275 1210 4326; x_wconf 77' lang='lat' dir='ltr'><strong>Caesar</strong></span> <span class='ocrx_word' id='word_1_329' title='bbox 1220 4277 1241 4323; x_wconf 87' lang='lat' dir='ltr'><strong>ri</strong></span> 
     </span>
    </p>
   </div>
   <div class='ocr_carea' id='block_1_9' title="bbox 0 0 1513 4892">
    <p class='ocr_par' dir='ltr' id='par_1_15' title="bbox 0 0 1513 4892">
     <span class='ocr_line' id='line_1_43' title="bbox 0 0 1513 4892; baseline 0 0"><span class='ocrx_word' id='word_1_330' title='bbox 0 0 1513 4892; x_wconf 95' lang='lat' dir='ltr'><strong> </strong></span> 
     </span>
    </p>
   </div>
  </div>
 </body>
</html>
