2980 4888
289 691 631 785 ANTONII
692 697 1126 792 AUGUSTINI

571 933 849 1010 PRAEFATIO

685 1145 728 1184 DE

453 1313 517 1391 Μ.
549 1317 733 1394 VERRH
773 1323 961 1402 FLACCI

687 1505 725 1547 ΕΤ

353 1658 495 1754 SEX·
537 1662 828 1760 ΡΟΜΡΕΙΙ
869 1673 1056 1766 FESTI
1119 1659 1121 1664 ¹

619 1863 792 1932 mama

159 2269 261 2389 de.
272 2319 495 2384 Passurus·
514 2315 634 2384 Festus
656 2320 709 2384 his
727 2321 840 2404 viginti
855 2322 961 2401 libris,
978 2343 1063 2408 quos
1084 2321 1121 2390 de
1139 2325 1246 2390 verto-

160 2443 230 2486 rum
264 2418 498 2508 significatione,
527 2422 599 2486 sive
636 2420 810 2504 priscorum
845 2424 1006 2489 verborum
1042 2447 1109 2490 eunt
1147 2447 1250 2492 excarr-¹

91 2563 102 2584 .
163 2521 230 2607 ptis
246 2523 428 2608 inscripsit,
451 2522 555 2587 libros
568 2519 678 2587 Verrii
700 2522 818 2588 Flacci
838 2524 989 2608 ejusdem
1010 2529 1195 2609 argumenti
1211 2529 1245 2592 iu

157 2626 346 2690 breviorem
371 2625 511 2689 formam
535 2621 669 2704 redegit
712 2622 886 2690 Abstuutt
908 2627 995 2692 euim
1017 2628 1123 2694 verba
1145 2630 1244 2695 nimis

157 2727 310 2813 antiqua,
324 2728 538 2790 intermortua
545 2724 630 2808 jum,
640 2730 674 2789 et
687 2726 834 2808 sepulta,
855 2732 891 2791 ut
904 2729 977 2811 ipse
996 2726 1138 2794 Verrius
1152 2731 1245 2796 diee-

156 2831 225 2906 bst,
249 2847 391 2913 quaeque
415 2826 541 2892 nullius
554 2835 648 2891 eruut
666 2845 759 2905 usus,
773 2834 809 2892 et
830 2829 1059 2896 auctoritatis:
1092 2832 1243 2916 apertius

156 2949 291 3014 quoque
304 2916 341 2993 et
351 2928 486 2992 brevius
497 2926 540 2992 de
555 2925 681 2991 eisdem
694 2927 806 2994 verbis
821 2929 955 2995 tradidit
968 2933 1087 2997 minori
1103 2935 1248 3000 volumi-r

156 3039 199 3094 rie
209 3031 366 3098 librorum
377 3030 488 3112 prisea
502 3029 604 3094 verba
614 3027 807 3110 resereud03
831 3031 988 3113 exempla
1002 3035 1103 3098 etiam
1118 3034 1152 3096 iu
1166 3033 1244 3098 aliis

154 3133 249 3198 libris
268 3139 403 3215 reperta
420 3130 597 3196 recensuit.
640 3128 777 3212 Saepius
793 3135 905 3195 autem
918 3129 1030 3194 Verrii
1045 3149 1168 3198 errores
1183 3153 1245 3200 no·

156 3236 262 3314 tuuit3
284 3240 318 3299 et
339 3252 401 3300 eur
421 3232 455 3297 id
475 3232 614 3309 iaceret,
629 3249 696 3294 nou
716 3232 822 3296 minus
844 3229 941 3296 doete
955 3249 1085 3316 semper
1098 3234 1243 3301 reddidit

154 3335 329 3400 rationem.
373 3331 512 3399 Accidit
526 3349 604 3398 vero
617 3330 695 3396 huie
711 3331 806 3410 iibro,
820 3337 856 3396 ut
869 3332 984 3398 multis
1001 3333 1111 3400 modis
1126 3339 1170 3402 ab
1184 3353 1244 3400 an·

154 3435 310 3520 tiquitate
331 3434 517 3500 lederetur.
561 3431 652 3496 Nam
672 3451 783 3515 neque
810 3433 887 3515 quis
906 3432 961 3498 bio
984 3433 1108 3500 Festus
1130 3436 1243 3510 fuerit,

153 3547 343 3621 usquequo
358 3544 505 3619 tempore
519 3533 592 3600 haeo
606 3533 785 3628 scripserit,
798 3533 970 3617 potuimus
984 3534 1145 3602 iuvenire.
1170 3537 1242 3604 Vix

153 3639 255 3704 etiam
268 3637 445 3703 voluminis
460 3636 559 3720 hujus
581 3635 694 3718 aliqua
714 3636 839 3700 mentio
862 3635 1020 3718 reperitur
1038 3637 1073 3701 iu
1089 3637 1242 3716 Charisii,

154 3747 189 3805 et
202 3739 370 3816 Macrobii
393 3757 460 3802 uno
484 3742 584 3820 atque
607 3735 713 3800 altero
733 3736 843 3800 libro.e
886 3734 1039 3819 Cumque
1060 3736 1143 3802 iiber
1166 3738 1240 3822 ipse

154 3838 513 3908 totusertaretcaroli
529 3837 634 3920 Regis
656 3845 816 3920 tempore,
838 3835 983 3914 Paulus,
1005 3836 1122 3902 neseio
1150 3839 1244 3922 quis,-

156 3961 265 4024 operae
284 3939 427 4025 pretium
441 3939 512 4006 sore
526 3947 620 4006 ratus
635 3947 700 4018 est,
715 3939 745 4003 si
761 3939 927 4022 epitomen
948 3938 1115 4021 quandem
1129 3939 1241 4008 effice·

185 4142 196 4168 ¹
211 4133 252 4184 Ex
264 4133 340 4185 Pauli
349 4133 426 4197 epist.
438 4134 470 4184 ad
483 4135 568 4184 Caret.
747 4132 814 4180 ‘Ex
835 4128 934 4181 Charis.
954 4129 998 4183 tib.
1020 4145 1052 4184 rr.
1072 4137 1100 4186 et
1123 4131 1240 4186 Mrtrub.

186 4207 197 4241 θ
213 4209 254 4258 Ex
265 4209 342 4260 Ferte
354 4209 432 4260 uerbo
443 4209 581 4270 Pressuram.
715 4209 760 4261 lib.
772 4222 813 4263 ιιι.
830 4209 935 4260 Satura.
